General Ledger
Business Name: AB Civil Consulting LLC
Tax Filing Name: AB CIVIL CONSULTING LLC
Accounting Basis: Modified Cash
Date Range: 1/1/2025 to 1/31/2026
Report Date: 1/19/2026

Account: Legends Bank Checking 7131,Your balance in Patriot: $16220.81
Date,Type,Description,Amount,Balance
1/1/2025,Customer Invoice Payment,Payment for Residential Excavating LLC (Invoice #1098),$2500.00,$37045.75
1/2/2025,Imported Transaction,Legends Bank - Personal APPLECARD GSBANK PAYMENT,-$52.82,$36992.93
1/2/2025,Imported Transaction,Legends Bank - Personal KANSAS PAYMENT SUPPORT,-$205.38,$36787.55
1/2/2025,Imported Transaction,Legends Bank - Personal APPLE INC. ACH/CRED MIS000000000000010199 AB Civil Consulting LLC,$101.99,$36889.54
1/2/2025,Customer Invoice Payment,Payment for Bear Excavating (Invoice #1097),$2290.00,$39179.54
1/2/2025,Imported Transaction,Legends Bank - Personal INTUIT 56468883 TRAN FEE,-$12.00,$39167.54
1/2/2025,Imported Transaction,Legends Bank - Personal INTUIT 51026973 TRAN FEE,-$43.06,$39124.48
1/2/2025,Customer Invoice Payment,Payment for AB Civil Consulting of NC PLLC (Invoice #1030),$706.00,$39830.48
1/2/2025,Journal Entry,Transfering from NC to Legends,$1258.00,$41088.48
1/2/2025,Journal Entry,Transfer money from NC to Legends,$2372.00,$43460.48
1/2/2025,Journal Entry,Transfer money from NC to Legends,$1607.00,$45067.48
1/3/2025,Imported Transaction,Legends Bank - Personal STEFFANIE QUIBETE IAT PAYPAL WEB000000000000042925 AB CIVIL CONSULTING LLC,-$429.25,$44638.23
1/3/2025,Imported Transaction,Legends Bank - Personal INTUIT 58690413 TRAN FEE,-$12.00,$44626.23
1/3/2025,Imported Transaction,Legends Bank - Personal INTUIT FINANCING QBC_PMTS,-$200.08,$44426.15
1/3/2025,Imported Transaction,Legends Bank - Personal INTUIT FINANCING QBC_PMTS,-$385.77,$44040.38
1/3/2025,Imported Transaction,Legends Bank - Personal INTUIT FINANCING QBC_PMTS,-$207.26,$43833.12
1/6/2025,Imported Transaction,Legends Bank - Personal THE HARTFORD INSPMTCL,-$581.80,$43251.32
1/6/2025,Imported Transaction,Legends Bank - Personal STRIPE TRANSFER,-$10.95,$43240.37
1/6/2025,Imported Transaction,Legends Bank - Personal INTUIT 64340213 TRAN FEE,-$12.00,$43228.37
1/6/2025,Customer Invoice Payment,Payment #6049 for SITECH Chesapeake LLC (Invoice #1099),$1350.00,$44578.37
1/6/2025,Customer Invoice Payment,Payment #2100 for JLH Excavating (Invoice #1100),$1390.00,$45968.37
1/6/2025,Customer Invoice Payment,Payment for AB Civil Consulting of NC PLLC (Invoice #1101),$1446.00,$47414.37
1/6/2025,Journal Entry,QuickBooks Bill Pay,-$11150.00,$36264.37
1/6/2025,Journal Entry,Transfer money from NC to Legends,$2690.00,$38954.37
1/6/2025,Imported Transaction,Legends Bank - Personal AMEX EPAYMENT ACH PMT,-$4448.73,$34505.64
1/7/2025,Imported Transaction,Legends Bank - Personal INTUIT 68509103 TRAN FEE,-$18.63,$34487.01
1/7/2025,Imported Transaction,Legends Bank - Personal PATRIOT SOFTWARE PAYROLL,-$11780.94,$22706.07
1/7/2025,Customer Invoice Payment,Payment for AB Civil Consulting of NC PLLC (Invoice #1132),$663.00,$23369.07
1/7/2025,Journal Entry,Transfer money from NC to Legends,$2108.00,$25477.07
1/7/2025,Imported Transaction,Legends Bank - Personal INTUIT 18424780 BILL_PAY,-$700.00,$24777.07
1/7/2025,Imported Transaction,Legends Bank - Personal INTUIT 08511450 BILL_PAY,-$700.00,$24077.07
1/8/2025,Imported Transaction,Legends Bank - Personal PATRIOT SOFTWARE PAYROLL,-$4153.68,$19923.39
1/8/2025,Customer Invoice Payment,Payment #E00130 for Kwest Group (Invoice #1102),$2375.00,$22298.39
1/8/2025,Customer Invoice Payment,Payment #E00130 for Kwest Group (Invoice #1103),$1500.00,$23798.39
1/8/2025,Customer Invoice Payment,Payment #E00130 for Kwest Group (Invoice #1104),$2375.00,$26173.39
1/8/2025,Customer Invoice Payment,Payment #13550 for Terry Roberts Site Work (Invoice #1111),$1390.00,$27563.39
1/8/2025,Customer Invoice Payment,Payment #13507 for Terry Roberts Site Work (Invoice #1112),$290.00,$27853.39
1/8/2025,Customer Invoice Payment,Payment #4448 for Gude LLC (Invoice #1113),$940.00,$28793.39
1/8/2025,Customer Invoice Payment,Payment #780295 for Brightview Landscape Development (Invoice #1115),$1780.00,$30573.39
1/8/2025,Customer Invoice Payment,Payment #4449 for Gude LLC (Invoice #1114),$875.00,$31448.39
1/9/2025,Imported Transaction,Legends Bank - Personal INTUIT 74406573 TRAN FEE,-$14.13,$31434.26
1/9/2025,Imported Transaction,Legends Bank - Personal INTERNET TRANSFER FROM CHK 7131 TO CHK 2803 1443899,-$3000.00,$28434.26
1/9/2025,Customer Invoice Payment,Payment for AB Civil Consulting of NC PLLC (Invoice #1029),$213.00,$28647.26
1/9/2025,Customer Invoice Payment,Payment for AB Civil Consulting of NC PLLC (Invoice #1028),$5780.00,$34427.26
1/9/2025,Imported Transaction,Legends Bank - Personal INTUIT 60122620 BILL_PAY,-$2690.00,$31737.26
1/10/2025,Imported Transaction,Legends Bank - Personal Verizon Wireless,-$434.53,$31302.73
1/10/2025,Imported Transaction,Legends Bank - Personal PATRIOT SOFTWARE PAYROLL,$3977.46,$35280.19
1/13/2025,Imported Transaction,Legends Bank - Personal MOBILE TRANSFER FROM CHK 7131 TO CHK 2142 3273698,-$1000.00,$34280.19
1/13/2025,Imported Transaction,Legends Bank - Personal INTERNET TRANSFER FROM CHK XXXXX131 TO CHK XXXXX803 4794757,-$2500.00,$31780.19
1/13/2025,Imported Transaction,Legends Bank - Personal PAYPAL INST XFER,-$20.00,$31760.19
1/13/2025,Customer Invoice Payment,Payment #782899 for Brightview Landscape Development (Invoice #1116),$1560.00,$33320.19
1/14/2025,Customer Invoice Payment,Payment #3101 for AJ Oleson Construction (Invoice #1000),$625.00,$33945.19
1/14/2025,Imported Transaction,Legends Bank - Personal INTUIT 84717283 TRAN FEE,-$6.25,$33938.94
1/14/2025,Imported Transaction,Legends Bank - Personal INSURANCE OFFICE 62508808D0,-$3927.00,$30011.94
1/14/2025,Imported Transaction,Legends Bank - Personal INTUIT 00595360 BILL_PAY,-$700.00,$29311.94
1/14/2025,Imported Transaction,Legends Bank - Personal IRS USATAXPYMT,-$3564.93,$25747.01
1/14/2025,Imported Transaction,Legends Bank - Personal INTUIT 18631050 BILL_PAY,-$750.00,$24997.01
1/14/2025,Imported Transaction,Legends Bank - Personal INTUIT 07460920 BILL_PAY,-$1900.00,$23097.01
1/14/2025,Imported Transaction,Legends Bank - Personal INTUIT 06395420 BILL_PAY,-$1200.00,$21897.01
1/14/2025,Imported Transaction,Legends Bank - Personal INTUIT 06178100 BILL_PAY,-$1900.00,$19997.01
1/14/2025,Imported Transaction,Legends Bank - Personal Best Buy,-$220.00,$19777.01
1/14/2025,Imported Transaction,Legends Bank - Personal PAYPAL INST XFER,-$100.00,$19677.01
1/14/2025,Customer Invoice Payment,Payment for AB Civil Consulting of NC PLLC (Invoice #1022),$1658.00,$21335.01
1/14/2025,Customer Invoice Payment,Payment for AB Civil Consulting of NC PLLC (Invoice #1023),$1573.00,$22908.01
1/14/2025,Customer Invoice Payment,Payment for AB Civil Consulting of NC PLLC (Invoice #1024),$3188.00,$26096.01
1/14/2025,Customer Invoice Payment,Payment for AB Civil Consulting of NC PLLC (Invoice #1025),$1233.00,$27329.01
1/14/2025,Customer Invoice Payment,Payment for AB Civil Consulting of NC PLLC (Invoice #1026),$1828.00,$29157.01
1/14/2025,Customer Invoice Payment,Payment for AB Civil Consulting of NC PLLC (Invoice #1105),$3978.00,$33135.01
1/14/2025,Imported Transaction,Legends Bank - Personal INTUIT 01176400 BILL_PAY,-$11150.00,$21985.01
1/14/2025,Imported Transaction,Legends Bank - Personal INTUIT FINANCING QBC_PMTS,-$682.24,$21302.77
1/15/2025,Imported Transaction,Legends Bank - Personal KYGOV KYEMPLOYMT,-$208.14,$21094.63
1/15/2025,Customer Invoice Payment,Payment #083419 for Central Site Development (Invoice #1117),$4270.00,$25364.63
1/15/2025,Customer Invoice Payment,Payment #1207525 for Pike Construction (Invoice #1118),$770.00,$26134.63
1/15/2025,Customer Invoice Payment,Payment #075666 for JB Coxwell Contracting Inc. (Invoice #1119),$6890.00,$33024.63
1/15/2025,Imported Transaction,Legends Bank - Personal DEPOSIT,$12230.00,$45254.63
1/15/2025,Imported Transaction,Legends Bank - Personal SBA EIDL LOAN PAYMENT 3015519102,-$356.00,$44898.63
1/15/2025,Imported Transaction,Legends Bank - Personal CarMax,-$1050.82,$43847.81
1/16/2025,Imported Transaction,Legends Bank - Personal INTUIT 91054483 TRAN FEE,-$72.00,$43775.81
1/16/2025,Imported Transaction,Legends Bank - Personal IRS USATAXPYMT,-$56.44,$43719.37
1/16/2025,Imported Transaction,Legends Bank - Personal INTERNET TRANSFER FROM CHK 7131 TO CHK 7544 4626171,-$2000.00,$41719.37
1/16/2025,Journal Entry,Legends Bank - AMEX EPAYMENT ACH PMT,-$4237.92,$37481.45
1/16/2025,Imported Transaction,Legends Bank - Personal INTUIT 42370170 BILL_PAY,-$1290.00,$36191.45
1/17/2025,Imported Transaction,Legends Bank - Personal SYNCHRONY BANK CC PYMT,-$8.56,$36182.89
1/20/2025,Customer Invoice Payment,Payment for DGPS Constructrion (Invoice #1042),$2490.00,$38672.89
1/21/2025,Imported Transaction,Legends Bank - Personal INTUIT 01448883 TRAN FEE,-$69.72,$38603.17
1/21/2025,Imported Transaction,Legends Bank - Personal STATE OF MONTANA MT TAX PMT,-$55.00,$38548.17
1/21/2025,Imported Transaction,Legends Bank - Personal PATRIOT SOFTWARE PAYROLL,-$12260.11,$26288.06
1/21/2025,Imported Transaction,Legends Bank - Personal INTERNET TRANSFER FROM CHK 7131 TO CHK 2803 8761300,-$3000.00,$23288.06
1/21/2025,Customer Invoice Payment,Payment for SITECH Chesapeake LLC (Invoice #1106),$2690.00,$25978.06
1/21/2025,Imported Transaction,Legends Bank - Personal INTUIT 44827450 BILL_PAY,$11150.00,$37128.06
1/21/2025,Journal Entry,QuickBooks Bill Pay,-$11160.00,$25968.06
1/21/2025,Journal Entry,QuickBooks Bill Pay,-$1070.00,$24898.06
1/21/2025,Journal Entry,QuickBooks Bill Pay,-$2690.00,$22208.06
1/22/2025,Imported Transaction,Legends Bank - Personal NORTH CAROLIN DESTAXPYMT,-$94.35,$22113.71
1/22/2025,Imported Transaction,Legends Bank - Personal VA. EMPLOY COMM UITAX PAID,-$139.16,$21974.55
1/22/2025,Imported Transaction,Legends Bank - Personal STATE OF MONTANA UIT PMT TXP 2113212 IIT 58,-$57.99,$21916.56
1/22/2025,Imported Transaction,Legends Bank - Personal KYGOV KY TAXPMNT,-$858.74,$21057.82
1/22/2025,Imported Transaction,Legends Bank - Personal VA DEPT TAXATION TAX PAYMEN,-$239.00,$20818.82
1/22/2025,Imported Transaction,Legends Bank - Personal SC DEPT REVENUE DEBIT,-$1284.44,$19534.38
1/22/2025,Imported Transaction,Legends Bank - Personal NYS DTF WT TAX PAYMNT,-$0.54,$19533.84
1/22/2025,Imported Transaction,Legends Bank - Personal NYS DOL UI TAX PAYMNT,-$25.43,$19508.41
1/22/2025,Imported Transaction,Legends Bank - Personal INTUIT 05054343 TRAN FEE,-$45.10,$19463.31
1/22/2025,Customer Invoice Payment,Payment for Precision Site Development LLC (Invoice #1057),$350.00,$19813.31
1/22/2025,Customer Invoice Payment,Payment for AB Civil Consulting of NC PLLC (Invoice #1018),$3990.00,$23803.31
1/22/2025,Customer Invoice Payment,Payment for AB Civil Consulting of NC PLLC (Invoice #1021),$2287.00,$26090.31
1/22/2025,Customer Invoice Payment,Payment for AB Civil Consulting of NC PLLC (Invoice #1019),$5500.00,$31590.31
1/22/2025,Journal Entry,Transfer money from NC to Legends,$910.00,$32500.31
1/22/2025,Journal Entry,Internet Transfer from CHK 7131 to CHK 7073 9422862,-$2500.00,$30000.31
1/22/2025,Imported Transaction,Legends Bank - Personal INTERNET TRANSFER FROM CHK 7131 TO CHK 7073 9422862,-$2500.00,$27500.31
1/22/2025,Void Journal Entry,Internet Transfer from CHK 7131 to CHK 7073 9422862,$2500.00,$30000.31
1/23/2025,Imported Transaction,Legends Bank - Personal OKLAHOMATAXPMTS OK TAX PMT,-$498.00,$29502.31
1/23/2025,Imported Transaction,Legends Bank - Personal DEPOSIT,$3780.00,$33282.31
1/23/2025,Imported Transaction,Legends Bank - Personal INTUIT FINANCING QBC_PMTS,-$209.54,$33072.77
1/23/2025,Imported Transaction,Legends Bank - Personal INTUIT FINANCING QBC_PMTS,-$114.38,$32958.39
1/23/2025,Imported Transaction,Legends Bank - Personal INTUIT FINANCING QBC_PMTS,-$172.94,$32785.45
1/23/2025,Imported Transaction,Legends Bank - Personal INTUIT FINANCING QBC_PMTS,-$172.94,$32612.51
1/23/2025,Imported Transaction,Legends Bank - Personal INTUIT FINANCING QBC_PMTS,-$102.94,$32509.57
1/23/2025,Imported Transaction,Legends Bank - Personal INTUIT FINANCING QBC_PMTS,-$183.00,$32326.57
1/23/2025,Imported Transaction,Legends Bank - Personal INTUIT FINANCING QBC_PMTS,-$328.49,$31998.08
1/23/2025,Imported Transaction,Legends Bank - Personal INTUIT FINANCING QBC_PMTS,-$227.84,$31770.24
1/23/2025,Imported Transaction,Legends Bank - Personal INTUIT FINANCING QBC_PMTS,-$181.17,$31589.07
1/24/2025,Customer Invoice Payment,Payment for Civil West General Engineering Inc (Invoice #1040),$1980.00,$33569.07
1/24/2025,Imported Transaction,Legends Bank - Personal INTUIT REFUND,$2690.00,$36259.07
1/24/2025,Customer Invoice Payment,Payment #2042 for June Engineering Consultants (Invoice #1120),$300.00,$36559.07
1/24/2025,Customer Invoice Payment,Payment #13597 for Terry Roberts Site Work (Invoice #1071),$450.00,$37009.07
1/24/2025,Journal Entry,Deposit from Sunrock Group of NC,$2500.00,$39509.07
1/27/2025,Imported Transaction,Legends Bank - Personal INTUIT 12956703 TRAN FEE,-$12.00,$39497.07
1/27/2025,Imported Transaction,Legends Bank - Personal INTUIT 16837833 TRAN FEE,-$47.82,$39449.25
1/27/2025,Imported Transaction,Legends Bank - Personal PAYPAL INST XFER,-$621.59,$38827.66
1/27/2025,Imported Transaction,Legends Bank - Personal MOBILE TRANSFER FROM CHK 7131 TO CHK 2803 1080416,-$2000.00,$36827.66
1/27/2025,Journal Entry,Transfer money from NC to Legends,$2372.00,$39199.66
1/27/2025,Customer Invoice Payment,Payment for AB Civil Consulting of NC PLLC (Invoice #1014),$1845.00,$41044.66
1/27/2025,Customer Invoice Payment,Payment for AB Civil Consulting of NC PLLC (Invoice #1016),$1182.00,$42226.66
1/27/2025,Journal Entry,Transfer money from NC to Legends,$2108.00,$44334.66
1/28/2025,Customer Invoice Payment,Payment #2212 for Knust Excavating (Invoice #1108),$1125.00,$45459.66
1/28/2025,Imported Transaction,Legends Bank - Personal INTUIT FINANCING QBC_PMTS,-$346.51,$45113.15
1/28/2025,Imported Transaction,Legends Bank - Personal INTUIT FINANCING QBC_PMTS,-$267.51,$44845.64
1/29/2025,Imported Transaction,Legends Bank - Personal PAYPAL INST XFER,-$37.77,$44807.87
1/30/2025,Customer Invoice Payment,Payment #2000 for Feller Enterprises (Invoice #1121),$2000.00,$46807.87
1/30/2025,Customer Invoice Payment,Payment #9134 for Redman Construction (Invoice #1122),$2290.00,$49097.87
1/30/2025,Imported Transaction,Legends Bank - Personal DEPOSIT,$1500.00,$50597.87
1/31/2025,Imported Transaction,Legends Bank - Personal STEFFANIE QUIBETE IAT PAYPAL WEB000000000000031675 AB CIVIL CONSULTING LLC,-$316.75,$50281.12
1/31/2025,Imported Transaction,Legends Bank - Personal CIGNA 877-484-59 8774845967,-$1081.83,$49199.29
1/31/2025,Imported Transaction,Legends Bank - Personal INTERNET TRANSFER FROM CHK XXXXX131 TO CHK XXXXX142 8630755,-$300.00,$48899.29
1/31/2025,Imported Transaction,Legends Bank - Personal IRS USATAXPYMT,-$6559.92,$42339.37
1/31/2025,Imported Transaction,Legends Bank - Personal INTUIT FINANCING QBC_PMTS,-$1833.77,$40505.60
2/3/2025,Imported Transaction,Legends Bank - Personal INTUIT 30335173 TRAN FEE,-$12.00,$40493.60
2/3/2025,Imported Transaction,Legends Bank - Personal APPLECARD GSBANK PAYMENT,-$52.82,$40440.78
2/3/2025,Imported Transaction,Legends Bank - Personal MOBILE TRANSFER FROM CHK 7131 TO CHK 2142 2208509,-$500.00,$39940.78
2/3/2025,Customer Invoice Payment,Payment for Firethorn Inc (Invoice #1107),$4470.00,$44410.78
2/4/2025,Imported Transaction,Legends Bank - Personal PATRIOT SOFTWARE PAYROLL,-$12600.24,$31810.54
2/4/2025,Imported Transaction,Legends Bank - Personal STRIPE TRANSFER,-$10.95,$31799.59
2/4/2025,Imported Transaction,Legends Bank - Personal INTUIT ACCTVERIFY,-$0.20,$31799.39
2/4/2025,Imported Transaction,Legends Bank - Personal INTUIT ACCTVERIFY,$0.04,$31799.43
2/4/2025,Imported Transaction,Legends Bank - Personal INTUIT ACCTVERIFY,$0.16,$31799.59
2/4/2025,Imported Transaction,Legends Bank - Personal INTUIT 67550130 BILL_PAY,-$900.00,$30899.59
2/5/2025,Imported Transaction,Legends Bank - Personal MDVIP INC 8778861411,-$525.00,$30374.59
2/5/2025,Imported Transaction,Legends Bank - Personal THE HARTFORD INSPMTCL,-$591.44,$29783.15
2/5/2025,Imported Transaction,Legends Bank - Personal MOBILE TRANSFER FROM CHK 7131 TO CHK 2803 9338927,-$2000.00,$27783.15
2/5/2025,Imported Transaction,Legends Bank - Personal INTERNET TRANSFER FROM CHK 7131 TO CHK 7544 7646988,-$4000.00,$23783.15
2/5/2025,Journal Entry,Payment for AB Civil PS 1010: 2050 Ashmore job for Sitech Horizon,$2534.00,$26317.15
2/6/2025,Void Customer Invoice Payment,Payment for AB Civil Consulting of NC PLLC (Invoice #1024),-$1097.00,$25220.15
2/6/2025,Journal Entry,Overpayment on Invoice,$1097.00,$26317.15
2/7/2025,Imported Transaction,Legends Bank - Personal INTUIT 49000893 TRAN FEE,-$29.77,$26287.38
2/7/2025,Imported Transaction,Legends Bank - Personal IRS USATAXPYMT,-$3745.18,$22542.20
2/7/2025,Journal Entry,Transfer Funds: Sitech Horizon in Legends Bank and should be Bank of Oak Ridge,-$3780.00,$18762.20
2/7/2025,Customer Invoice Payment,Payment for Superior Underground Solutions (Invoice #1137),$790.00,$19552.20
2/7/2025,Customer Invoice Payment,Payment for June Engineering Consultants (Invoice #1138),$300.00,$19852.20
2/7/2025,Customer Invoice Payment,Payment for Wenzel Contractors Inc. (Wenzel Contracting) (Invoice #1139),$1675.00,$21527.20
2/7/2025,Customer Invoice Payment,Payment for H.O. Weaver and Sons inc. (Invoice #1140),$1690.00,$23217.20
2/7/2025,Customer Invoice Payment,Payment for JB Coxwell Contracting Inc. (Invoice #1141),$5880.00,$29097.20
2/7/2025,Customer Invoice Payment,Payment for Central Florida Site Pros Inc (Invoice #1142),$1580.00,$30677.20
2/7/2025,Customer Invoice Payment,Payment for Central Florida Site Pros Inc (Invoice #1143),$390.00,$31067.20
2/7/2025,Journal Entry,Overpayment on Invoice,$1690.00,$32757.20
2/7/2025,Journal Entry,Transfer money from NC to Legends,$680.00,$33437.20
2/7/2025,Journal Entry,Transfer money from NC to Legends,$1097.00,$34534.20
2/10/2025,Imported Transaction,Legends Bank - Personal MOBILE TRANSFER FROM CHK 7131 TO CHK 2803 8652185,-$7000.00,$27534.20
2/11/2025,Imported Transaction,Legends Bank - Personal INTUIT 57513163 TRAN FEE,-$7.80,$27526.40
2/11/2025,Imported Transaction,Legends Bank - Personal Verizon Wireless,-$180.61,$27345.79
2/11/2025,Customer Invoice Payment,Payment #3240 for KW Excavation Inc. (Invoice #1110),$1250.00,$28595.79
2/11/2025,Customer Invoice Payment,Payment #2235 for Knust Excavating (Invoice #1123),$875.00,$29470.79
2/11/2025,Customer Invoice Payment,Payment #2235 for Knust Excavating (Invoice #1124),$875.00,$30345.79
2/11/2025,Customer Invoice Payment,Payment #1205 for Pure Site Contractors of Florida LLC (Invoice #1109),$1260.00,$31605.79
2/11/2025,Customer Invoice Payment,Payment for Grovin Construction (Invoice #1144),$780.00,$32385.79
2/11/2025,Imported Transaction,INTERNET TRANSFER FROM CHK 7131 TO CHK 7073 7260896,-$2000.00,$30385.79
2/11/2025,Journal Entry,Transfer money 7131 to 7073,-$2000.00,$28385.79
2/11/2025,Void Imported Transaction,INTERNET TRANSFER FROM CHK 7131 TO CHK 7073 7260896,$2000.00,$30385.79
2/12/2025,Imported Transaction,Legends Bank - Personal KWEST GROUP LLC AP CHK RUN,$3780.00,$34165.79
2/13/2025,Imported Transaction,Legends Bank - Personal PAYPAL INST XFER,-$20.00,$34145.79
2/13/2025,Imported Transaction,Legends Bank - Personal PAYPAL INST XFER,-$40.00,$34105.79
2/13/2025,Imported Transaction,Legends Bank - Personal SUPERIOR ROW SER ACH PAYMEN,$7140.00,$41245.79
2/13/2025,Customer Invoice Payment,Payment #010412 for Contractors Design Engineering (Invoice #1091),$1250.00,$42495.79
2/13/2025,Customer Invoice Payment,Payment #005851 for Tampa Contracting Services (Invoice #1092),$3750.00,$46245.79
2/13/2025,Customer Invoice Payment,Payment #34336 for JWB Contractors (Invoice #1093),$600.00,$46845.79
2/13/2025,Imported Transaction,Legends Bank - Personal INTERNET TRANSFER FROM CHK XXXXX131 TO CHK XXXXX803 4794757,-$2500.00,$44345.79
2/13/2025,Imported Transaction,Legends Bank - Personal AMEX EPAYMENT ACH PMT,-$8462.93,$35882.86
2/13/2025,Imported Transaction,Legends Bank - Personal INTUIT 83083850 BILL_PAY,-$775.00,$35107.86
2/13/2025,Imported Transaction,Legends Bank - Personal INTUIT 87412300 BILL_PAY,-$700.00,$34407.86
2/13/2025,Imported Transaction,Legends Bank - Personal INTUIT 84916890 BILL_PAY,-$700.00,$33707.86
2/14/2025,Imported Transaction,Legends Bank - Personal Best Buy,-$220.00,$33487.86
2/14/2025,Imported Transaction,MOBILE TRANSFER FROM CHK 7131 TO CHK 7073 1055061,-$2000.00,$31487.86
2/14/2025,Imported Transaction,Legends Bank - Personal MOBILE TRANSFER FROM CHK 7131 TO CHK 7073 1055061,-$2000.00,$29487.86
2/14/2025,Void Imported Transaction,MOBILE TRANSFER FROM CHK 7131 TO CHK 7073 1055061,$2000.00,$31487.86
2/14/2025,Imported Transaction,Legends Bank - Personal INTUIT FINANCING QBC_PMTS,-$682.24,$30805.62
2/14/2025,Journal Entry,Reversal of Voided Mobile Transfer,-$2000.00,$28805.62
2/18/2025,Imported Transaction,Legends Bank - Personal BEI JING HAI WEN HU ZHI WANG LUO JI IAT PAYPAL WEB000000000000048000 AB CIVIL CONSULTING LLC,-$480.00,$28325.62
2/18/2025,Imported Transaction,Legends Bank - Personal STEFFANIE QUIBETE IAT PAYPAL WEB000000000000006050 AB CIVIL CONSULTING LLC,-$60.50,$28265.12
2/18/2025,Imported Transaction,Legends Bank - Personal SBA EIDL LOAN PAYMENT 3015519102,-$356.00,$27909.12
2/18/2025,Imported Transaction,Legends Bank - Personal CarMax,-$1050.82,$26858.30
2/19/2025,Imported Transaction,Legends Bank - Personal INTUIT 76381983 TRAN FEE,-$9.80,$26848.50
2/19/2025,Imported Transaction,Legends Bank - Personal PATRIOT SOFTWARE PAYROLL,-$10280.34,$16568.16
2/19/2025,Journal Entry,QuickBooks Stop Payment,$980.00,$17548.16
2/20/2025,Imported Transaction,Legends Bank - Personal INTERNET TRANSFER FROM CHK 7131 TO CHK 2803 7984588,-$3000.00,$14548.16
2/21/2025,Imported Transaction,Legends Bank - Personal THOMPSON MACHINE BT0220,-$2255.36,$12292.80
2/21/2025,Customer Invoice Payment,Payment for Precision Site Development LLC (Invoice #1058),$450.00,$12742.80
2/24/2025,Imported Transaction,Legends Bank - Personal IRS USATAXPYMT,-$2845.56,$9897.24
2/24/2025,Journal Entry,QuickBooks Bill Pay,-$980.00,$8917.24
2/24/2025,Imported Transaction,Legends Bank - Personal INTUIT PYMT SOLN INTUITPMTS,-$10.00,$8907.24
2/25/2025,Customer Invoice Payment,Payment #13646 for Terry Roberts Site Work (Invoice #1088),$1580.00,$10487.24
2/25/2025,Customer Invoice Payment,Payment #171003 for H.O. Weaver and Sons inc. (Invoice #1094),$1990.00,$12477.24
2/25/2025,Void Customer Invoice Payment,Payment #171003 for H.O. Weaver and Sons inc. (Invoice #1094),-$1990.00,$10487.24
2/25/2025,Customer Invoice Payment,Payment for H.O. Weaver and Sons inc. (Invoice #1089),$1990.00,$12477.24
2/25/2025,Imported Transaction,Legends Bank - Personal INTUIT FINANCING QBC_PMTS,-$209.54,$12267.70
2/25/2025,Imported Transaction,Legends Bank - Personal INTUIT FINANCING QBC_PMTS,-$114.38,$12153.32
2/25/2025,Imported Transaction,Legends Bank - Personal INTUIT FINANCING QBC_PMTS,-$172.94,$11980.38
2/25/2025,Imported Transaction,Legends Bank - Personal INTUIT FINANCING QBC_PMTS,-$172.94,$11807.44
2/25/2025,Imported Transaction,Legends Bank - Personal INTUIT FINANCING QBC_PMTS,-$102.94,$11704.50
2/25/2025,Imported Transaction,Legends Bank - Personal INTUIT FINANCING QBC_PMTS,-$183.00,$11521.50
2/25/2025,Imported Transaction,Legends Bank - Personal INTUIT FINANCING QBC_PMTS,-$328.49,$11193.01
2/25/2025,Imported Transaction,Legends Bank - Personal INTUIT FINANCING QBC_PMTS,-$227.84,$10965.17
2/25/2025,Imported Transaction,Legends Bank - Personal INTUIT FINANCING QBC_PMTS,-$181.17,$10784.00
2/26/2025,Customer Invoice Payment,Payment for Kwest Group (Invoice #1090),$1375.00,$12159.00
2/27/2025,Imported Transaction,Legends Bank - Personal STEFFANIE QUIBETE IAT PAYPAL WEB000000000000009800 AB CIVIL CONSULTING LLC,-$98.00,$12061.00
2/27/2025,Imported Transaction,Legends Bank - Personal INTERNET TRANSFER FROM CHK 7131 TO CHK 7544 6060664,-$3000.00,$9061.00
2/27/2025,Journal Entry,Payment in 7131 that was for 7544,$1500.00,$10561.00
2/27/2025,Imported Transaction,Legends Bank - Personal INTUIT FINANCING QBC_PMTS,-$346.51,$10214.49
2/27/2025,Imported Transaction,Legends Bank - Personal INTUIT FINANCING QBC_PMTS,-$267.51,$9946.98
2/28/2025,Customer Invoice Payment,Payment for AJ Oleson Construction (Invoice #1060),$1000.00,$10946.98
2/28/2025,Imported Customer Payment,Legends Bank - Personal KWEST GROUP LLC AP CHK RUN: Imported Payment from Kwest Group,$450.00,$11396.98
2/28/2025,Customer Invoice Payment,Payment for Precision Site Development LLC (Invoice #1059),$2760.00,$14156.98
2/28/2025,Void Imported Customer Payment,Legends Bank - Personal KWEST GROUP LLC AP CHK RUN: Imported Payment from Kwest Group,-$450.00,$13706.98
2/28/2025,Customer Invoice Payment,Payment for Kwest Group (Invoice #1087),$450.00,$14156.98
2/28/2025,Journal Entry,Stripe Fees,-$5.00,$14151.98
2/28/2025,Imported Transaction,Legends Bank - Personal CIGNA 877-484-59 8774845967,-$1081.83,$13070.15
2/28/2025,Customer Invoice Payment,Payment #4290 for Central Florida Site Pros Inc (Invoice #1035),$1450.00,$14520.15
2/28/2025,Imported Transaction,Legends Bank - Personal INTERNET TRANSFER FROM CHK 7544 TO CHK 7131 9728394,$8000.00,$22520.15
2/28/2025,Imported Transaction,Legends Bank - Personal INTERNET TRANSFER FROM CHK XXXXX131 TO CHK XXXXX142 8630755,-$300.00,$22220.15
2/28/2025,Imported Transaction,Legends Bank - Personal INTUIT FINANCING QBC_PMTS,-$1833.77,$20386.38
3/3/2025,Imported Transaction,Legends Bank - Personal PAYPAL INST XFER,-$37.77,$20348.61
3/3/2025,Imported Transaction,Legends Bank - Personal APPLECARD GSBANK PAYMENT,-$52.82,$20295.79
3/4/2025,Customer Invoice Payment,Payment for AB Civil Consulting of NC PLLC (Invoice #1062),$2278.00,$22573.79
3/4/2025,Customer Invoice Payment,Payment for Firethorn Inc (Invoice #1063),$980.00,$23553.79
3/4/2025,Customer Invoice Payment,Payment for Firethorn Inc (Invoice #1043),$350.00,$23903.79
3/4/2025,Customer Invoice Payment,Payment for Earthwork Tech (Invoice #1061),$1750.00,$25653.79
3/4/2025,Imported Transaction,Legends Bank - Personal PAYPAL INST XFER,-$160.00,$25493.79
3/4/2025,Journal Entry,Stripe Fees,-$27.04,$25466.75
3/4/2025,Imported Transaction,Legends Bank - Personal WEBBANK/INTUIT GPWEB LOAN,$10000.00,$35466.75
3/5/2025,Imported Transaction,Legends Bank - Personal THE HARTFORD INSPMTCL,-$405.47,$35061.28
3/5/2025,Customer Invoice Payment,Payment #148249 for L.C. Whitford Co. Inc (Invoice #1068),$875.00,$35936.28
3/6/2025,Customer Invoice Payment,Payment #13658 for Terry Roberts Site Work (Invoice #1074),$350.00,$36286.28
3/6/2025,Customer Invoice Payment,Payment #13658 for Terry Roberts Site Work (Invoice #1073),$1590.00,$37876.28
3/6/2025,Journal Entry,Stripe Fees Transfer,-$51.05,$37825.23
3/6/2025,Imported Transaction,Legends Bank - Personal AMEX EPAYMENT ACH PMT,-$5000.00,$32825.23
3/7/2025,Contractor Payment,Payment for Ufredo Barahona,-$1100.00,$31725.23
3/7/2025,Payroll,Net Pay,-$13924.63,$17800.60
3/7/2025,Payroll,Net Pay,-$127.99,$17672.61
3/7/2025,Customer Invoice Payment,Payment #E03300 for Kwest Group (Invoice #1065),$1250.00,$18922.61
3/7/2025,Customer Invoice Payment,Payment #E03300 for Kwest Group (Invoice #1066),$1500.00,$20422.61
3/7/2025,Imported Transaction,Legends Bank - Personal NEWLANE AUTH PAYME,$10615.93,$31038.54
3/7/2025,Imported Transaction,Legends Bank - Personal ROCKPILE SOLUTIO SALE,-$995.00,$30043.54
3/7/2025,Void Payroll,Net Pay,$127.99,$30171.53
3/7/2025,Void Payroll,Net Pay,$13924.63,$44096.16
3/7/2025,Journal Entry,Transaction Correction for Payroll,-$127.99,$43968.17
3/7/2025,Journal Entry,Transaction Correction of Payroll,-$13924.63,$30043.54
3/7/2025,Imported Transaction,Legends Bank - Personal MOBILE TRANSFER FROM CHK 7131 TO CHK 7073 9868849,-$1400.00,$28643.54
3/10/2025,Imported Transaction,Legends Bank - Personal Verizon Wireless,-$384.09,$28259.45
3/11/2025,Customer Invoice Payment,Payment for Earthtech Developers (Invoice #1083),$1000.00,$29259.45
3/11/2025,Imported Transaction,Legends Bank - Personal IRS USATAXPYMT,-$6722.33,$22537.12
3/11/2025,Journal Entry,Stripe Fees Transfer,-$5.00,$22532.12
3/12/2025,Customer Invoice Payment,Payment for Kwest Group (Invoice #1064),$680.00,$23212.12
3/13/2025,Customer Invoice Payment,Payment for AB Civil Consulting of NC PLLC (Invoice #1018),$3990.00,$27202.12
3/13/2025,Customer Invoice Payment,Payment for AB Civil Consulting of NC PLLC (Invoice #1021),$2287.00,$29489.12
3/13/2025,Customer Invoice Payment,Payment for AB Civil Consulting of NC PLLC (Invoice #1019),$5500.00,$34989.12
3/13/2025,Void Customer Invoice Payment,Payment for AB Civil Consulting of NC PLLC (Invoice #1019),-$5500.00,$29489.12
3/13/2025,Void Customer Invoice Payment,Payment for AB Civil Consulting of NC PLLC (Invoice #1018),-$3990.00,$25499.12
3/13/2025,Void Customer Invoice Payment,Payment for AB Civil Consulting of NC PLLC (Invoice #1021),-$2287.00,$23212.12
3/13/2025,Imported Transaction,Legends Bank - Personal INTERNET TRANSFER FROM CHK XXXXX131 TO CHK XXXXX803 4794757,-$2500.00,$20712.12
3/13/2025,Imported Transaction,Legends Bank - Personal INTUIT 38624633 TRAN FEE,-$8.50,$20703.62
3/13/2025,Customer Invoice Payment,Payment for Utility Group of Florida LLC (Invoice #1077),$850.00,$21553.62
3/14/2025,Customer Invoice Payment,Payment for Litman Excavating (Invoice #1069),$1625.00,$23178.62
3/14/2025,Customer Invoice Payment,Payment for Litman Excavating (Invoice #1145),$970.00,$24148.62
3/14/2025,Customer Invoice Payment,Payment for Unlimited Site Services (Invoice #1076),$450.00,$24598.62
3/14/2025,Customer Invoice Payment,Payment #34427 for JWB Contractors (Invoice #1081),$1530.00,$26128.62
3/14/2025,Customer Invoice Payment,Payment #2293 for Knust Excavating (Invoice #1084),$1125.00,$27253.62
3/14/2025,Customer Invoice Payment,Payment #13684 for Terry Roberts Site Work (Invoice #1075),$2120.00,$29373.62
3/14/2025,Imported Transaction,Legends Bank - Personal Best Buy,-$220.00,$29153.62
3/14/2025,Imported Transaction,Legends Bank - Personal AMEX EPAYMENT ACH PMT,-$18323.50,$10830.12
3/14/2025,Journal Entry,J. Malever submitted a check for 1000.00,$1000.00,$11830.12
3/14/2025,Imported Transaction,Legends Bank - Personal INTUIT FINANCING QBC_PMTS,-$682.24,$11147.88
3/17/2025,Imported Transaction,Legends Bank - Personal STEFFANIE QUIBETE IAT PAYPAL WEB000000000000098775 AB CIVIL CONSULTING LLC,-$987.75,$10160.13
3/17/2025,Imported Transaction,Legends Bank - Personal SBA EIDL LOAN PAYMENT 3015519102,-$356.00,$9804.13
3/17/2025,Imported Transaction,Legends Bank - Personal CarMax,-$1050.82,$8753.31
3/20/2025,Journal Entry,Duplicate Payment from Litman,$1625.00,$10378.31
3/20/2025,Journal Entry,Transfer from 7544 to 7131,$1000.00,$11378.31
3/20/2025,Imported Transaction,Legends Bank - Personal WEBBANK/INTUIT GPWEB LOAN,$10000.00,$21378.31
3/21/2025,Customer Invoice Payment,Payment for AB Civil Consulting of NC PLLC (Invoice #1001),$2860.00,$24238.31
3/21/2025,Customer Invoice Payment,Payment for AB Civil Consulting of NC PLLC (Invoice #1011),$4284.00,$28522.31
3/21/2025,Customer Invoice Payment,Payment for AB Civil Consulting of NC PLLC (Invoice #1012),$3638.00,$32160.31
3/21/2025,Imported Transaction,Legends Bank - Personal MOBILE TRANSFER FROM CHK 7131 TO CHK 2803 5064632,-$4000.00,$28160.31
3/21/2025,Journal Entry,Recording of Stripe Fees,-$15.00,$28145.31
3/21/2025,Payroll,Net Pay,-$9212.75,$18932.56
3/24/2025,Contractor Payment,Payment for Ufredo Barahona,-$5875.00,$13057.56
3/24/2025,Payroll,Net Pay,-$3581.10,$9476.46
3/25/2025,Imported Transaction,Legends Bank - Personal INTUIT FINANCING QBC_PMTS,-$209.54,$9266.92
3/25/2025,Imported Transaction,Legends Bank - Personal INTUIT FINANCING QBC_PMTS,-$114.38,$9152.54
3/25/2025,Imported Transaction,Legends Bank - Personal INTUIT FINANCING QBC_PMTS,-$172.94,$8979.60
3/25/2025,Imported Transaction,Legends Bank - Personal INTUIT FINANCING QBC_PMTS,-$172.94,$8806.66
3/25/2025,Imported Transaction,Legends Bank - Personal INTUIT FINANCING QBC_PMTS,-$102.94,$8703.72
3/25/2025,Imported Transaction,Legends Bank - Personal INTUIT FINANCING QBC_PMTS,-$183.00,$8520.72
3/25/2025,Imported Transaction,Legends Bank - Personal INTUIT FINANCING QBC_PMTS,-$328.49,$8192.23
3/25/2025,Imported Transaction,Legends Bank - Personal INTUIT FINANCING QBC_PMTS,-$227.84,$7964.39
3/25/2025,Imported Transaction,Legends Bank - Personal INTUIT FINANCING QBC_PMTS,-$181.17,$7783.22
3/26/2025,Imported Transaction,Legends Bank - Personal STEFFANIE QUIBETE IAT PAYPAL WEB000000000000182500 AB CIVIL CONSULTING LLC,-$1825.00,$5958.22
3/26/2025,Customer Invoice Payment,Payment #13716 for Terry Roberts Site Work (Invoice #1072),$1530.00,$7488.22
3/26/2025,Customer Invoice Payment,Payment #29714 for Dorin Landscaping Inc. (Invoice #1127),$450.00,$7938.22
3/26/2025,Customer Invoice Payment,Payment #022827 for Central Site Development (Invoice #1039),$1350.00,$9288.22
3/26/2025,Customer Invoice Payment,Payment for Brightview Landscape Development (Invoice #1033),$1430.00,$10718.22
3/26/2025,Journal Entry,Duplicate Payment Deposited: L.C. Whitford paid $875 with CK 148330. Duplicate Payment. Debiting Legends 7131,$875.00,$11593.22
3/26/2025,Imported Transaction,Legends Bank - Personal MOBILE TRANSFER FROM CHK 7131 TO CHK 2803 1521982,-$2000.00,$9593.22
3/27/2025,Imported Transaction,Legends Bank - Personal KANSAS PAYMENT SUPPORT,-$1232.28,$8360.94
3/27/2025,Imported Transaction,Legends Bank - Personal INTUIT FINANCING QBC_PMTS,-$346.51,$8014.43
3/27/2025,Imported Transaction,Legends Bank - Personal INTUIT FINANCING QBC_PMTS,-$267.51,$7746.92
3/28/2025,Imported Transaction,Legends Bank - Personal BEI JING HAI WEN HU ZHI WANG LUO JI IAT PAYPAL WEB000000000000096000 AB CIVIL CONSULTING LLC,-$960.00,$6786.92
3/28/2025,Journal Entry,Internet Transfer from CHK 7131 to 7073 6783361,-$1400.00,$5386.92
3/31/2025,Imported Transaction,Legends Bank - Personal CIGNA 877-484-59 8774845967,-$1081.83,$4305.09
3/31/2025,Imported Transaction,Legends Bank - Personal PAYPAL INST XFER,-$37.77,$4267.32
3/31/2025,Imported Transaction,Legends Bank - Personal INTERNET TRANSFER FROM CHK XXXXX131 TO CHK XXXXX142 8630755,-$300.00,$3967.32
3/31/2025,Customer Invoice Payment,Payment for Precision Site Development LLC (Invoice #1134),$2340.00,$6307.32
4/1/2025,Customer Invoice Payment,Payment for AB Civil Consulting of NC PLLC (Invoice #1155),$2300.00,$8607.32
4/1/2025,Imported Transaction,Legends Bank - Personal APPLECARD GSBANK PAYMENT,-$54.40,$8552.92
4/1/2025,Journal Entry,Stripe Fees,-$5.00,$8547.92
4/1/2025,Imported Transaction,Legends Bank - Personal INTUIT FINANCING QBC_PMTS,-$1833.77,$6714.15
4/1/2025,Imported Transaction,Legends Bank - Personal WEBBANK/INTUIT GPWEB LOAN,$10000.00,$16714.15
4/2/2025,Customer Invoice Payment,Payment for Central Florida Site Pros Inc (Invoice #1037),$2650.00,$19364.15
4/2/2025,Customer Invoice Payment,Payment for Central Florida Site Pros Inc (Invoice #1036),$1450.00,$20814.15
4/2/2025,Journal Entry,Stripe Fees,-$10.00,$20804.15
4/3/2025,Customer Invoice Payment,Payment for AB Civil Consulting of NC PLLC (Invoice #1006),$850.00,$21654.15
4/3/2025,Customer Invoice Payment,Payment for AB Civil Consulting of NC PLLC (Invoice #1005),$385.00,$22039.15
4/3/2025,Customer Invoice Payment,Payment for Earthtech Developers (Invoice #1147),$5100.00,$27139.15
4/3/2025,Customer Invoice Payment,Payment for AB Civil Consulting of NC PLLC (Invoice #1007),$560.00,$27699.15
4/3/2025,Journal Entry,Recording of Stripe Fees,-$19.20,$27679.95
4/4/2025,Payroll,Net Pay,-$364.25,$27315.70
4/4/2025,Customer Invoice Payment,Payment for Firethorn Inc (Invoice #1044),$500.00,$27815.70
4/4/2025,Customer Invoice Payment,Payment #4423 for Central Florida Site Pros Inc (Invoice #1080),$1270.00,$29085.70
4/4/2025,Customer Invoice Payment,Payment #4423 for Central Florida Site Pros Inc (Invoice #1038),$1380.00,$30465.70
4/4/2025,Journal Entry,Recording of Stripe Fees,-$4.00,$30461.70
4/4/2025,Imported Transaction,Legends Bank - Personal INTUIT FINANCING QBC_PMTS,-$917.70,$29544.00
4/4/2025,Payroll,Net Pay,-$12421.18,$17122.82
4/7/2025,Imported Transaction,Legends Bank - Personal THE HARTFORD INSPMTCL,-$405.47,$16717.35
4/7/2025,Journal Entry,Stripe Fee withdrawn,-$10.95,$16706.40
4/8/2025,Customer Invoice Payment,Payment #234861 for Ed Hulme (Invoice #1079),$850.00,$17556.40
4/8/2025,Customer Invoice Payment,Payment #2338 for Knust Excavating (Invoice #1159),$750.00,$18306.40
4/8/2025,Customer Invoice Payment,Payment #2338 for Knust Excavating (Invoice #1162),$875.00,$19181.40
4/8/2025,Customer Invoice Payment,Payment #2338 for Knust Excavating (Invoice #1163),$1250.00,$20431.40
4/8/2025,Imported Transaction,Legends Bank - Personal STEFFANIE QUIBETE IAT PAYPAL WEB000000000000176575 AB CIVIL CONSULTING LLC,-$1765.75,$18665.65
4/8/2025,Imported Transaction,Legends Bank - Personal KANSAS PAYMENT SUPPORT,-$205.38,$18460.27
4/9/2025,Journal Entry,Stripe Transfer,$285.00,$18745.27
4/9/2025,Customer Invoice Payment,Payment for Kwest Group (Invoice #1095),$1750.00,$20495.27
4/10/2025,Imported Transaction,Legends Bank - Personal Verizon Wireless,-$384.09,$20111.18
4/10/2025,Customer Invoice Payment,Payment #4472212 for Dawson Construction (Invoice #1152),$1000.00,$21111.18
4/10/2025,Customer Invoice Payment,Payment #8420 for Elite Constructors Inc. (Invoice #1178),$2500.00,$23611.18
4/10/2025,Customer Invoice Payment,Payment #39135 for Cypress Gulf - Tampa (Invoice #1041),$5420.00,$29031.18
4/10/2025,Journal Entry,Missing Transaction for Newlane Auth Payment,-$713.20,$28317.98
4/11/2025,Customer Invoice Payment,Payment for SITECH Chesapeake LLC (Invoice #1161),$1500.00,$29817.98
4/11/2025,Imported Transaction,Legends Bank - Personal INTERNET TRANSFER FROM CHK XXXXX131 TO CHK XXXXX803 4794757,-$2500.00,$27317.98
4/12/2025,Journal Entry,Stripe Fees,-$5.00,$27312.98
4/14/2025,Customer Invoice Payment,Payment for AB Civil Consulting of NC PLLC (Invoice #1002),$1490.00,$28802.98
4/14/2025,Customer Invoice Payment,Payment for AB Civil Consulting of NC PLLC (Invoice #1003),$1700.00,$30502.98
4/14/2025,Imported Transaction,Legends Bank - Personal PAYPAL INST XFER,-$50.00,$30452.98
4/14/2025,Journal Entry,Transaction Correction of Best Buy Auto Pymt,-$220.00,$30232.98
4/14/2025,Journal Entry,Stripe Fees,-$10.00,$30222.98
4/15/2025,Customer Invoice Payment,Payment for Earthtech Developers (Invoice #1166),$2250.00,$32472.98
4/15/2025,Customer Invoice Payment,Payment for AB Civil Consulting of NC PLLC (Invoice #1052),$2070.00,$34542.98
4/15/2025,Imported Transaction,Legends Bank - Personal INTERNET TRANSFER FROM CHK 7544 TO CHK 7131 2160730,$3000.00,$37542.98
4/15/2025,Journal Entry,Stripe Fees,-$10.00,$37532.98
4/15/2025,Imported Transaction,Legends Bank - Personal SBA EIDL LOAN PAYMENT 3015519102,-$356.00,$37176.98
4/15/2025,Imported Transaction,Legends Bank - Personal CarMax,-$1050.82,$36126.16
4/15/2025,Imported Transaction,Legends Bank - Personal INTUIT FINANCING QBC_PMTS,-$682.23,$35443.93
4/16/2025,Imported Transaction,Legends Bank - Personal IRS USATAXPYMT,-$7323.65,$28120.28
4/16/2025,Imported Transaction,Legends Bank - Personal IRS USATAXPYMT,-$310.60,$27809.68
4/16/2025,Imported Transaction,Legends Bank - Personal AMEX EPAYMENT ACH PMT,-$5382.71,$22426.97
4/17/2025,Customer Invoice Payment,Payment for AJ Oleson Construction (Invoice #1168),$3800.00,$26226.97
4/17/2025,Customer Invoice Payment,Payment for AB Civil Consulting of NC PLLC (Invoice #1085),$3100.00,$29326.97
4/17/2025,Customer Invoice Payment,Payment for AJ Oleson Construction (Invoice #1169),$2890.00,$32216.97
4/17/2025,Imported Transaction,Legends Bank - Personal PAYPAL INST XFER,-$13.13,$32203.84
4/17/2025,Journal Entry,Transaction Entry of Stripe Transfer,$1140.90,$33344.74
4/17/2025,Journal Entry,Stripe Fees,-$15.00,$33329.74
4/17/2025,Imported Transaction,Legends Bank - Personal MOBILE TRANSFER FROM CHK 7131 TO CHK 2803 3456492,-$1000.00,$32329.74
4/18/2025,Contractor Payment,Payment for Ufredo Barahona,-$5700.00,$26629.74
4/18/2025,Payroll,Net Pay,-$13444.01,$13185.73
4/22/2025,Customer Invoice Payment,Payment #39154 for Cypress Gulf - Tampa (Invoice #1094),$3350.00,$16535.73
4/22/2025,Customer Invoice Payment,Payment #814460 for Brightview Landscape Development (Invoice #1033),$160.00,$16695.73
4/22/2025,Imported Transaction,Legends Bank - Personal PAYPAL INST XFER,-$11.83,$16683.90
4/22/2025,Imported Transaction,Legends Bank - Personal INTUIT FINANCING QBC_PMTS,-$917.71,$15766.19
4/23/2025,Imported Transaction,Legends Bank - Personal KANSAS PAYMENT SUPPORT,-$205.38,$15560.81
4/23/2025,Imported Transaction,Legends Bank - Personal INTUIT FINANCING QBC_PMTS,-$209.54,$15351.27
4/23/2025,Imported Transaction,Legends Bank - Personal INTUIT FINANCING QBC_PMTS,-$114.38,$15236.89
4/23/2025,Imported Transaction,Legends Bank - Personal INTUIT FINANCING QBC_PMTS,-$172.94,$15063.95
4/23/2025,Imported Transaction,Legends Bank - Personal INTUIT FINANCING QBC_PMTS,-$172.94,$14891.01
4/23/2025,Imported Transaction,Legends Bank - Personal INTUIT FINANCING QBC_PMTS,-$102.94,$14788.07
4/23/2025,Imported Transaction,Legends Bank - Personal INTUIT FINANCING QBC_PMTS,-$183.00,$14605.07
4/23/2025,Imported Transaction,Legends Bank - Personal INTUIT FINANCING QBC_PMTS,-$328.49,$14276.58
4/23/2025,Imported Transaction,Legends Bank - Personal INTUIT FINANCING QBC_PMTS,-$227.84,$14048.74
4/23/2025,Imported Transaction,Legends Bank - Personal INTUIT FINANCING QBC_PMTS,-$181.17,$13867.57
4/25/2025,Imported Transaction,Legends Bank - Personal KYGOV KYEMPLOYMT,-$315.91,$13551.66
4/25/2025,Customer Invoice Payment,Payment #15388 for Ward Excavating (Invoice #1212),$1500.00,$15051.66
4/25/2025,Customer Invoice Payment,Payment #12939 for DCI - Team (Dipasquale Construction) (Invoice #1082),$3000.00,$18051.66
4/25/2025,Customer Invoice Payment,Payment #2061 for June Engineering Consultants (Invoice #1211),$2000.00,$20051.66
4/25/2025,Imported Transaction,Legends Bank - Personal MOBILE TRANSFER FROM CHK 7131 TO CHK 2803 7381923,-$3000.00,$17051.66
4/28/2025,Customer Invoice Payment,Payment for Firethorn Inc (Invoice #1150),$4730.00,$21781.66
4/28/2025,Customer Invoice Payment,Payment for Firethorn Inc (Invoice #1149),$3380.00,$25161.66
4/28/2025,Customer Invoice Payment,Payment for AB Civil Consulting of NC PLLC (Invoice #1045),$1500.00,$26661.66
4/28/2025,Customer Invoice Payment,Payment for AB Civil Consulting of NC PLLC (Invoice #1160),$300.00,$26961.66
4/28/2025,Customer Invoice Payment,Payment for AB Civil Consulting of NC PLLC (Invoice #1215),$4284.00,$31245.66
4/28/2025,Customer Invoice Payment,Payment for AB Civil Consulting of NC PLLC (Invoice #1054),$2330.00,$33575.66
4/28/2025,Customer Invoice Payment,Payment for AB Civil Consulting of NC PLLC (Invoice #1047),$5260.00,$38835.66
4/28/2025,Customer Invoice Payment,Payment for AB Civil Consulting of NC PLLC (Invoice #1048),$2320.00,$41155.66
4/28/2025,Customer Invoice Payment,Payment for AB Civil Consulting of NC PLLC (Invoice #1182),$383.00,$41538.66
4/28/2025,Customer Invoice Payment,Payment for AB Civil Consulting of NC PLLC (Invoice #1086),$1097.00,$42635.66
4/28/2025,Imported Transaction,Legends Bank - Personal STEFFANIE QUIBETE IAT PAYPAL WEB000000000000078175 AB CIVIL CONSULTING LLC,-$781.75,$41853.91
4/28/2025,Imported Transaction,Legends Bank - Personal SCDEW SC UI TAX,-$8.40,$41845.51
4/28/2025,Journal Entry,Wire Transfer from Bank to Bank,$4000.00,$45845.51
4/28/2025,Journal Entry,Stripe Fees,-$10.00,$45835.51
4/28/2025,Imported Transaction,Legends Bank - Personal INTERNET TRANSFER FROM CHK XXXXX131 TO CHK XXXXX073 6783361,-$1400.00,$44435.51
4/29/2025,Imported Transaction,Legends Bank - Personal PAYPAL INST XFER,-$37.77,$44397.74
4/29/2025,Imported Transaction,Legends Bank - Personal PAYPAL INST XFER,-$300.00,$44097.74
4/29/2025,Imported Transaction,Legends Bank - Personal VA DEPT TAXATION TAX PAYMEN,-$515.98,$43581.76
4/29/2025,Imported Transaction,Legends Bank - Personal INTUIT FINANCING QBC_PMTS,-$346.45,$43235.31
4/29/2025,Imported Transaction,Legends Bank - Personal INTUIT FINANCING QBC_PMTS,-$218.54,$43016.77
4/30/2025,Customer Invoice Payment,Payment for Utility Group of Florida LLC (Invoice #1125),$4170.00,$47186.77
4/30/2025,Imported Transaction,Legends Bank - Personal CIGNA 877-484-59 8774845967,-$1081.83,$46104.94
4/30/2025,Imported Transaction,Legends Bank - Personal INTERNET TRANSFER FROM CHK XXXXX131 TO CHK XXXXX142 8630755,-$300.00,$45804.94
4/30/2025,Imported Transaction,Legends Bank - Personal MOBILE TRANSFER FROM CHK 7131 TO CHK 2803 9823288,-$2000.00,$43804.94
4/30/2025,Imported Transaction,Legends Bank - Personal NYS DOL UI TAX PAYMNT,-$1.99,$43802.95
4/30/2025,Imported Transaction,Legends Bank - Personal STATE OF MONTANA MT TAX PMT,-$122.00,$43680.95
4/30/2025,Journal Entry,Recording of Stripe Fees,-$5.00,$43675.95
4/30/2025,Imported Transaction,Legends Bank - Personal INTUIT FINANCING QBC_PMTS,-$1833.77,$41842.18
5/1/2025,Imported Transaction,Legends Bank - Personal APPLECARD GSBANK PAYMENT,-$52.82,$41789.36
5/1/2025,Imported Transaction,Legends Bank - Personal IRS USATAXPYMT,-$390.27,$41399.09
5/1/2025,Imported Transaction,Legends Bank - Personal IRS USATAXPYMT,-$3976.10,$37422.99
5/1/2025,Imported Transaction,Legends Bank - Personal PREMIUM AND WAGE TN PAWS,-$764.22,$36658.77
5/1/2025,Imported Transaction,Legends Bank - Personal SC DEPT REVENUE DEBIT,-$945.69,$35713.08
5/1/2025,Imported Transaction,Legends Bank - Personal SCDEW SC UI TAX,-$8.40,$35704.68
5/1/2025,Imported Transaction,Legends Bank - Personal STATE OF MONTANA UIT PMT TXP 2113212 IIT 77,-$76.75,$35627.93
5/1/2025,Imported Transaction,Legends Bank - Personal VA. EMPLOY COMM UITAX PAID,-$200.00,$35427.93
5/2/2025,Customer Invoice Payment,Payment for Precision Site Development LLC (Invoice #1214),$4340.00,$39767.93
5/2/2025,Customer Invoice Payment,Payment for Kwest Group (Invoice #1177),$1125.00,$40892.93
5/2/2025,Customer Invoice Payment,Payment for Kwest Group (Invoice #1179),$1125.00,$42017.93
5/2/2025,Customer Invoice Payment,Payment for Kwest Group (Invoice #1158),$1500.00,$43517.93
5/2/2025,Journal Entry,Correction of Missing Transaction: Empl Sec Comm Empl Sec,-$179.68,$43338.25
5/2/2025,Imported Transaction,Legends Bank - Personal MOBILE TRANSFER FROM CHK 7131 TO CHK 7073 4972374,-$1000.00,$42338.25
5/2/2025,Imported Transaction,Legends Bank - Personal OKLAHOMATAXPMTS OK TAX PMT,-$456.56,$41881.69
5/2/2025,Imported Transaction,Legends Bank - Personal INTUIT FINANCING QBC_PMTS,-$917.90,$40963.79
5/2/2025,Payroll,Direct Deposit Net Pay,-$12094.76,$28869.03
5/5/2025,Payroll,Direct Deposit Net Pay,-$339.38,$28529.65
5/5/2025,Customer Invoice Payment,Payment for Earthtech Developers (Invoice #1194),$800.00,$29329.65
5/5/2025,Imported Transaction,Legends Bank - Personal THE HARTFORD INSPMTCL,-$821.32,$28508.33
5/5/2025,Imported Transaction,Legends Bank - Personal KENTUCKY DORIS KY TAX PMT,-$633.85,$27874.48
5/5/2025,Imported Transaction,Legends Bank - Personal MDVIP INC 8778861411,-$525.00,$27349.48
5/5/2025,Journal Entry,Stripe Fees Transfer,-$24.16,$27325.32
5/6/2025,Customer Invoice Payment,Payment for Earthtech Developers (Invoice #1216),$450.00,$27775.32
5/6/2025,Imported Transaction,Legends Bank - Personal KANSAS PAYMENT SUPPORT,-$205.38,$27569.94
5/6/2025,Journal Entry,Stripe Fees Transfer,-$3.60,$27566.34
5/6/2025,Imported Transaction,Legends Bank - Personal INTUIT FINANCING QBC_PMTS,-$917.70,$26648.64
5/7/2025,Customer Invoice Payment,Payment #16239 for Sitech North & Central Florida (Invoice #1198),$1600.00,$28248.64
5/7/2025,Customer Invoice Payment,Payment #023124 for Central Site Development (Invoice #1151),$4440.00,$32688.64
5/8/2025,Customer Invoice Payment,Payment #20499 for Litman Excavating (Invoice #1096),$970.00,$33658.64
5/8/2025,Journal Entry,Correction of Missing Transaction,$40.47,$33699.11
5/12/2025,Imported Transaction,Legends Bank - Personal STEFFANIE QUIBETE IAT PAYPAL WEB000000000000090875 AB CIVIL CONSULTING LLC,-$908.75,$32790.36
5/12/2025,Imported Transaction,Legends Bank - Personal IRS USATAXPYMT,-$56.24,$32734.12
5/12/2025,Imported Transaction,Legends Bank - Personal IRS USATAXPYMT,-$2.21,$32731.91
5/12/2025,Imported Transaction,Legends Bank - Personal IRS USATAXPYMT,-$3598.40,$29133.51
5/12/2025,Imported Transaction,Legends Bank - Personal Verizon Wireless,-$405.41,$28728.10
5/12/2025,Imported Transaction,Legends Bank - Personal AMEX EPAYMENT ACH PMT,-$5000.00,$23728.10
5/12/2025,Imported Transaction,Legends Bank - Personal NEWLANE AUTH PAYME,-$564.20,$23163.90
5/13/2025,Customer Invoice Payment,Payment for Firethorn Inc (Invoice #1157),$3490.00,$26653.90
5/13/2025,Customer Invoice Payment,Payment for Firethorn Inc (Invoice #1180),$250.00,$26903.90
5/13/2025,Journal Entry,Stripe Fees Transfer,-$7.00,$26896.90
5/13/2025,Imported Transaction,Legends Bank - Personal INTERNET TRANSFER FROM CHK XXXXX131 TO CHK XXXXX803 4794757,-$2500.00,$24396.90
5/13/2025,Imported Transaction,Legends Bank - Personal INTERNET TRANSFER FROM CHK 7131 TO CHK 7544 4059259,-$1000.00,$23396.90
5/14/2025,Contractor Payment,Payment for Ufredo Barahona,-$3970.00,$19426.90
5/14/2025,Customer Invoice Payment,Payment for Kwest Group (Invoice #1197),$2250.00,$21676.90
5/14/2025,Customer Invoice Payment,Payment for Kwest Group (Invoice #1196),$450.00,$22126.90
5/14/2025,Customer Invoice Payment,Payment #15411 for Ward Excavating (Invoice #1185),$1870.00,$23996.90
5/14/2025,Customer Invoice Payment,Payment #64957 for Ritter & Paratore Contracting Inc (Invoice #1173),$1500.00,$25496.90
5/14/2025,Customer Invoice Payment,Payment #4500168216 for APAC-Alabama Inc. (Invoice #1067),$2110.00,$27606.90
5/14/2025,Customer Invoice Payment,Payment #2404 for Knust Excavating (Invoice #1220),$750.00,$28356.90
5/14/2025,Customer Invoice Payment,Payment #2064 for June Engineering Consultants (Invoice #1211),$2000.00,$30356.90
5/14/2025,Customer Invoice Payment,Payment #20617 for Litman Excavating (Invoice #1164),$1125.00,$31481.90
5/14/2025,Imported Transaction,Legends Bank - Personal Best Buy,-$220.00,$31261.90
5/14/2025,Imported Transaction,Legends Bank - Personal MOBILE TRANSFER FROM CHK 7131 TO CHK 2803 9408668,-$1000.00,$30261.90
5/15/2025,Imported Transaction,Legends Bank - Personal MOBILE TRANSFER FROM CHK 7131 TO CHK 2803 1838985,-$1000.00,$29261.90
5/15/2025,Imported Transaction,Legends Bank - Personal SBA EIDL LOAN PAYMENT 3015519102,-$356.00,$28905.90
5/15/2025,Imported Transaction,Legends Bank - Personal CarMax,-$1050.82,$27855.08
5/16/2025,Customer Invoice Payment,Payment for Precision Site Development LLC (Invoice #1226),$2780.00,$30635.08
5/16/2025,Journal Entry,Reversing wrong transaction,$11722.77,$42357.85
5/16/2025,Payroll,Direct Deposit Net Pay,-$11722.77,$30635.08
5/16/2025,Payroll,Direct Deposit Net Pay,-$11622.77,$19012.31
5/18/2025,Customer Invoice Payment,Payment for AB Civil Consulting of NC PLLC (Invoice #1186),$1570.00,$20582.31
5/18/2025,Customer Invoice Payment,Payment for AB Civil Consulting of NC PLLC (Invoice #1188),$1450.00,$22032.31
5/18/2025,Customer Invoice Payment,Payment for AB Civil Consulting of NC PLLC (Invoice #1187),$2000.00,$24032.31
5/18/2025,Customer Invoice Payment,Payment for AB Civil Consulting of NC PLLC (Invoice #1238),$2460.00,$26492.31
5/18/2025,Customer Invoice Payment,Payment for AB Civil Consulting of NC PLLC (Invoice #1189),$3200.00,$29692.31
5/18/2025,Customer Invoice Payment,Payment for AB Civil Consulting of NC PLLC (Invoice #1190),$2120.00,$31812.31
5/18/2025,Customer Invoice Payment,Payment for AB Civil Consulting of NC PLLC (Invoice #1051),$5010.00,$36822.31
5/18/2025,Customer Invoice Payment,Payment for AB Civil Consulting of NC PLLC (Invoice #1236),$1000.00,$37822.31
5/18/2025,Customer Invoice Payment,Payment for AB Civil Consulting of NC PLLC (Invoice #1206),$1275.00,$39097.31
5/18/2025,Customer Invoice Payment,Payment for AB Civil Consulting of NC PLLC (Invoice #1243),$2738.00,$41835.31
5/18/2025,Journal Entry,Balance of $24323 Wire Deposit,$1500.00,$43335.31
5/19/2025,Imported Transaction,Legends Bank - Personal AMEX EPAYMENT ACH PMT,-$2998.56,$40336.75
5/20/2025,Imported Transaction,Legends Bank - Personal KANSAS PAYMENT SUPPORT,-$205.38,$40131.37
5/20/2025,Imported Transaction,Legends Bank - Personal STRIPE TRANSFER,$1140.90,$41272.27
5/20/2025,Customer Invoice Payment,Payment #1385 for J. Green Excavating LLC (Invoice #1213),$750.00,$42022.27
5/20/2025,Customer Invoice Payment,Payment #007275 for Mitch Brown Construction Inc (Invoice #1175),$2040.00,$44062.27
5/20/2025,Customer Invoice Payment,Payment #6171 for SITECH Chesapeake LLC (Invoice #1070),$790.00,$44852.27
5/20/2025,Customer Invoice Payment,Payment #2424 for Knust Excavating (Invoice #1224),$875.00,$45727.27
5/20/2025,Customer Invoice Payment,Payment #2589 for Grovin Construction (Invoice #1217),$2670.00,$48397.27
5/20/2025,Customer Invoice Payment,Payment #20668 for Litman Excavating (Invoice #1171),$875.00,$49272.27
5/20/2025,Imported Transaction,Legends Bank - Personal MOBILE TRANSFER FROM CHK 7131 TO CHK 2803 7913798,-$5000.00,$44272.27
5/20/2025,Imported Transaction,Legends Bank - Personal PAYPAL TRANSFER,$960.00,$45232.27
5/20/2025,Imported Transaction,Legends Bank - Personal INTUIT FINANCING QBC_PMTS,-$917.71,$44314.56
5/22/2025,Contractor Payment,Payment for Ufredo Barahona,-$4305.00,$40009.56
5/23/2025,Customer Invoice Payment,Payment for Central Florida Site Pros Inc (Invoice #1080),$460.00,$40469.56
5/23/2025,Journal Entry,Stripe Fees Transfer,-$3.68,$40465.88
5/23/2025,Imported Transaction,Legends Bank - Personal FILERUN LDA IAT PAYPAL WEB000000000000046402 AB CIVIL CONSULTING LLC,-$464.02,$40001.86
5/23/2025,Imported Transaction,Legends Bank - Personal STEFFANIE QUIBETE IAT PAYPAL WEB000000000000113900 AB CIVIL CONSULTING LLC,-$1139.00,$38862.86
5/23/2025,Imported Transaction,Legends Bank - Personal INTUIT FINANCING QBC_PMTS,-$209.54,$38653.32
5/23/2025,Imported Transaction,Legends Bank - Personal INTUIT FINANCING QBC_PMTS,-$114.38,$38538.94
5/23/2025,Imported Transaction,Legends Bank - Personal INTUIT FINANCING QBC_PMTS,-$172.94,$38366.00
5/23/2025,Imported Transaction,Legends Bank - Personal INTUIT FINANCING QBC_PMTS,-$172.94,$38193.06
5/23/2025,Imported Transaction,Legends Bank - Personal INTUIT FINANCING QBC_PMTS,-$102.94,$38090.12
5/23/2025,Imported Transaction,Legends Bank - Personal INTUIT FINANCING QBC_PMTS,-$183.00,$37907.12
5/23/2025,Imported Transaction,Legends Bank - Personal INTUIT FINANCING QBC_PMTS,-$328.49,$37578.63
5/23/2025,Imported Transaction,Legends Bank - Personal INTUIT FINANCING QBC_PMTS,-$227.84,$37350.79
5/23/2025,Imported Transaction,Legends Bank - Personal INTUIT FINANCING QBC_PMTS,-$181.17,$37169.62
5/27/2025,Imported Transaction,Legends Bank - Personal IRS USATAXPYMT,-$3403.66,$33765.96
5/27/2025,Imported Transaction,Legends Bank - Personal MOBILE TRANSFER FROM CHK 7131 TO CHK 2803 4288649,-$2000.00,$31765.96
5/28/2025,Customer Invoice Payment,Payment for Earthwork Tech (Invoice #1245),$1950.00,$33715.96
5/28/2025,Customer Invoice Payment,Payment #1893 for Civil West General Engineering Inc (Invoice #1153),$2710.00,$36425.96
5/28/2025,Customer Invoice Payment,Payment #2597 for Grovin Construction (Invoice #1146),$250.00,$36675.96
5/28/2025,Journal Entry,JWB Deposit in 7131. Should be 7544,$1500.00,$38175.96
5/28/2025,Imported Transaction,Legends Bank - Personal INTERNET TRANSFER FROM CHK XXXXX131 TO CHK XXXXX073 6783361,-$1400.00,$36775.96
5/29/2025,Customer Invoice Payment,Payment for Firethorn Inc (Invoice #1200),$2770.00,$39545.96
5/29/2025,Customer Invoice Payment,Payment for Diehl Development Inc. (Invoice #1218),$1200.00,$40745.96
5/29/2025,Customer Invoice Payment,Payment for Firethorn Inc (Invoice #1201),$1000.00,$41745.96
5/29/2025,Customer Invoice Payment,Payment for Firethorn Inc (Invoice #1193),$1000.00,$42745.96
5/29/2025,Customer Invoice Payment,Payment for Firethorn Inc (Invoice #1195),$7380.00,$50125.96
5/29/2025,Customer Invoice Payment,Payment for Precision Site Development LLC (Invoice #1230),$4190.00,$54315.96
5/29/2025,Customer Invoice Payment,Payment for Precision Site Development LLC (Invoice #1231),$750.00,$55065.96
5/29/2025,Customer Invoice Payment,Payment for AB Civil Consulting of NC PLLC (Invoice #1252),$2350.00,$57415.96
5/29/2025,Customer Invoice Payment,Payment for AB Civil Consulting of NC PLLC (Invoice #1191),$3385.00,$60800.96
5/29/2025,Customer Invoice Payment,Payment for AB Civil Consulting of NC PLLC (Invoice #1192),$1487.00,$62287.96
5/29/2025,Journal Entry,Stripe Fees Transfer,-$25.00,$62262.96
5/29/2025,Imported Transaction,Legends Bank - Personal PAYPAL INST XFER,-$37.77,$62225.19
5/30/2025,Customer Invoice Payment,Payment for Bond Excavating (Invoice #1223),$875.00,$63100.19
5/30/2025,Customer Invoice Payment,Payment for Earthtech Developers (Invoice #1247),$4350.00,$67450.19
5/30/2025,Customer Invoice Payment,Payment for Earthtech Developers (Invoice #1167),$980.00,$68430.19
5/30/2025,Journal Entry,Stripe Fees Transfer,-$66.85,$68363.34
5/30/2025,Imported Transaction,Legends Bank - Personal INTERNET TRANSFER FROM CHK 7131 TO CHK 7544 1196562,-$1500.00,$66863.34
5/30/2025,Imported Transaction,Legends Bank - Personal INTERNET TRANSFER FROM CHK XXXXX131 TO CHK XXXXX142 8630755,-$300.00,$66563.34
5/30/2025,Journal Entry,Reversal of Payment for Earthtech Developers,-$980.00,$65583.34
5/30/2025,Payroll,Direct Deposit Net Pay,-$11752.93,$53830.41
6/2/2025,Imported Transaction,APPLECARD GSBANK PAYMENT,-$52.82,$53777.59
6/2/2025,Imported Transaction,CIGNA 877-484-59 8774845967,-$1081.83,$52695.76
6/2/2025,Journal Entry,June Engineering overpaid on Invoice 1211 : Payment on Invoice 1211 with Check 2061,$2000.00,$54695.76
6/2/2025,Imported Transaction,INTUIT FINANCING QBC_PMTS,-$1833.77,$52861.99
6/3/2025,Customer Invoice Payment,Payment for Earthtech Developers (Invoice #1167),$980.00,$53841.99
6/3/2025,Journal Entry,Stripes Fees ,-$41.86,$53800.13
6/3/2025,Imported Transaction,KANSAS PAYMENT SUPPORT,-$205.38,$53594.75
6/3/2025,Imported Transaction,THOMPSON MACHINE BT0602,-$8675.42,$44919.33
6/3/2025,Imported Transaction,INTUIT FINANCING QBC_PMTS,-$917.90,$44001.43
6/4/2025,Customer Invoice Payment,Payment #290 for Castle Construction LLC (Invoice #1034),$450.00,$44451.43
6/4/2025,Customer Invoice Payment,Payment #16279 for Columbia Excavating LLC (Invoice #1204),$650.00,$45101.43
6/4/2025,Customer Invoice Payment,Payment #1987 for Murdocks Excavation (Invoice #1176),$1640.00,$46741.43
6/4/2025,Imported Transaction,STRIPE TRANSFER,-$10.95,$46730.48
6/4/2025,Imported Transaction,INTUIT 70905103 TRAN FEE,-$12.00,$46718.48
6/4/2025,Journal Entry,Intuit  56205593 Deposit,$1250.00,$47968.48
6/4/2025,Imported Transaction,BEI JING HAI WEN HU ZHI WANG LUO JI IAT PAYPAL,-$100.00,$47868.48
6/4/2025,Imported Transaction,INTUIT FINANCING QBC_PMTS,-$917.70,$46950.78
6/5/2025,Journal Entry,Apple Canada Inc. ACH/Credit: Missing transaction from June 2025 Banking Statement,$92.41,$47043.19
6/5/2025,Imported Transaction,THE HARTFORD INSPMTCL,-$571.30,$46471.89
6/6/2025,Customer Invoice Payment,Payment for Earthtech Developers (Invoice #1263),$1640.00,$48111.89
6/6/2025,Imported Transaction,STEFFANIE QUIBETE IAT PAYPAL,-$922.75,$47189.14
6/9/2025,Imported Transaction,IRS USATAXPYMT,-$3539.88,$43649.26
6/9/2025,Imported Transaction,TN STATE REVENUE TN TAP,-$7800.00,$35849.26
6/9/2025,Imported Transaction,AMEX EPAYMENT ACH PMT,-$9951.22,$25898.04
6/10/2025,Customer Invoice Payment,Payment for Central Florida Site Pros Inc (Invoice #1156),$1320.00,$27218.04
6/10/2025,Customer Invoice Payment,Payment for Central Florida Site Pros Inc (Invoice #1133),$1640.00,$28858.04
6/10/2025,Customer Invoice Payment,Payment #13854 for Terry Roberts Site Work (Invoice #1208),$1900.00,$30758.04
6/10/2025,Customer Invoice Payment,Payment #4425 for Complete Development (Invoice #1222),$3730.00,$34488.04
6/10/2025,Journal Entry,Stripe Fees,-$57.86,$34430.18
6/10/2025,Journal Entry,Stripe Fees,-$10.00,$34420.18
6/10/2025,Imported Transaction,VERIZON WIRELESS PAYMENTS,-$398.15,$34022.03
6/10/2025,Imported Transaction,NEWLANE AUTH PAYME,-$611.73,$33410.30
6/10/2025,Journal Entry,Deposit of Payment that was for 7544,$250.00,$33660.30
6/11/2025,Customer Invoice Payment,Payment for Bear Excavating (Invoice #1246),$2160.00,$35820.30
6/11/2025,Customer Invoice Payment,Payment for Bear Excavating (Invoice #1260),$1100.00,$36920.30
6/11/2025,Customer Invoice Payment,Payment #6295 for Montroy Development (Invoice #1135),$450.00,$37370.30
6/11/2025,Customer Invoice Payment,Payment #6295 for Montroy Development (Invoice #1199),$3220.00,$40590.30
6/11/2025,Customer Invoice Payment,Payment #1210886 for Pike Construction (Invoice #1203),$1200.00,$41790.30
6/11/2025,Customer Invoice Payment,Payment #13826 for Terry Roberts Site Work (Invoice #1209),$1570.00,$43360.30
6/11/2025,Journal Entry,Stripe Fees,-$55.40,$43304.90
6/13/2025,Contractor Payment,Payment for Ufredo Barahona,-$700.00,$42604.90
6/13/2025,Customer Invoice Payment,Payment for Earthtech Developers (Invoice #1275),$1900.00,$44504.90
6/13/2025,Imported Transaction,INTERNET TRANSFER FROM CHK XXXXX131 TO CHK XXXXX803 4794757,-$2500.00,$42004.90
6/13/2025,Payroll,Direct Deposit Net Pay,-$10620.85,$31384.05
6/16/2025,Payroll,Direct Deposit Net Pay,-$1350.17,$30033.88
6/16/2025,Imported Transaction,BEST BUY AUTO PYMT,-$220.00,$29813.88
6/16/2025,Imported Transaction,SBA EIDL LOAN PAYMENT,-$356.00,$29457.88
6/16/2025,Imported Transaction,Legends Bank Personal CarMax,-$1050.82,$28407.06
6/17/2025,Customer Invoice Payment,Payment for Kwest Group (Invoice #1228),$3750.00,$32157.06
6/17/2025,Customer Invoice Payment,Payment for Kwest Group (Invoice #1229),$2750.00,$34907.06
6/17/2025,Imported Transaction,KANSAS PAYMENT SUPPORT,-$205.38,$34701.68
6/18/2025,Customer Invoice Payment,Payment #1677 for Residential Excavating LLC (Invoice #1202),$2250.00,$36951.68
6/18/2025,Customer Invoice Payment,Payment #4500168893 for APAC-Alabama Inc. (Invoice #1210),$250.00,$37201.68
6/19/2025,Customer Invoice Payment,Payment #1642 for Gude LLC (Invoice #1256),$1125.00,$38326.68
6/19/2025,Customer Invoice Payment,Payment #21685 for Landmark Service of SW Florida LLC (Invoice #1239),$1880.00,$40206.68
6/19/2025,Void Customer Invoice Payment,Payment #2061 for June Engineering Consultants (Invoice #1211),-$2000.00,$38206.68
6/19/2025,Journal Entry,Correcting June Engineering Voided transaction ,$2000.00,$40206.68
6/20/2025,Imported Transaction,STEFFANIE QUIBETE IAT PAYPAL,-$1644.63,$38562.05
6/20/2025,Imported Transaction,MOBILE TRANSFER FROM CHK 7131 TO CHK 2803 5577583,-$5000.00,$33562.05
6/23/2025,Contractor Payment,Payment for Ufredo Barahona,-$5560.00,$28002.05
6/23/2025,Customer Invoice Payment,Payment for AB Civil Consulting of NC PLLC (Invoice #1294),$1230.00,$29232.05
6/23/2025,Customer Invoice Payment,Payment for AB Civil Consulting of NC PLLC (Invoice #1295),$3270.00,$32502.05
6/23/2025,Customer Invoice Payment,Payment for AB Civil Consulting of NC PLLC (Invoice #1296),$385.00,$32887.05
6/23/2025,Customer Invoice Payment,Payment for AB Civil Consulting of NC PLLC (Invoice #1297),$2455.00,$35342.05
6/23/2025,Customer Invoice Payment,Payment for AB Civil Consulting of NC PLLC (Invoice #1298),$1350.00,$36692.05
6/23/2025,Customer Invoice Payment,Payment for AB Civil Consulting of NC PLLC (Invoice #1299),$550.00,$37242.05
6/23/2025,Journal Entry,Wire Transfer money,$4638.00,$41880.05
6/23/2025,Imported Transaction,INTUIT FINANCING QBC_PMTS,-$917.71,$40962.34
6/24/2025,Void Customer Invoice Payment,Payment for Earthtech Developers (Invoice #1167),-$980.00,$39982.34
6/24/2025,Customer Invoice Payment,Payment #6518 for Williams Fence of C.N.Y. Inc. (Invoice #1078),$1250.00,$41232.34
6/24/2025,Customer Invoice Payment,Payment #1150 for Bond Excavating (Invoice #1227),$820.00,$42052.34
6/24/2025,Customer Invoice Payment,Payment for Pike Construction (Invoice #1249),$2780.00,$44832.34
6/24/2025,Customer Invoice Payment,Payment for Pike Construction (Invoice #1259),$750.00,$45582.34
6/24/2025,Journal Entry,Overpayment on Invoice 1223: Bond paid this invoice twice - Once through Stripe than by check Number 1178,$875.00,$46457.34
6/24/2025,Journal Entry,Voided Original Transaction,$980.00,$47437.34
6/24/2025,Imported Transaction,IRS USATAXPYMT,-$3004.04,$44433.30
6/24/2025,Imported Transaction,INTUIT FINANCING QBC_PMTS,-$209.54,$44223.76
6/24/2025,Imported Transaction,INTUIT FINANCING QBC_PMTS,-$114.38,$44109.38
6/24/2025,Imported Transaction,INTUIT FINANCING QBC_PMTS,-$172.94,$43936.44
6/24/2025,Imported Transaction,INTUIT FINANCING QBC_PMTS,-$172.94,$43763.50
6/24/2025,Imported Transaction,INTUIT FINANCING QBC_PMTS,-$102.94,$43660.56
6/24/2025,Imported Transaction,INTUIT FINANCING QBC_PMTS,-$183.00,$43477.56
6/24/2025,Imported Transaction,INTUIT FINANCING QBC_PMTS,-$328.49,$43149.07
6/24/2025,Imported Transaction,INTUIT FINANCING QBC_PMTS,-$227.84,$42921.23
6/24/2025,Imported Transaction,INTUIT FINANCING QBC_PMTS,-$181.17,$42740.06
6/25/2025,Customer Invoice Payment,Payment for Precision Site Development LLC (Invoice #1257),$450.00,$43190.06
6/25/2025,Customer Invoice Payment,Payment for Precision Site Development LLC (Invoice #1258),$350.00,$43540.06
6/27/2025,Contractor Payment,Payment for Ufredo Barahona,-$1700.00,$41840.06
6/27/2025,Customer Invoice Payment,Payment for Land Development DGPS Construction (Invoice #1154),$6820.00,$48660.06
6/27/2025,Journal Entry,Voided Original Transaction,-$6820.00,$41840.06
6/27/2025,Imported Transaction,INTERNET TRANSFER FROM CHK XXXXX131 TO CHK XXXXX073 6783361,-$1400.00,$40440.06
6/27/2025,Payroll,Direct Deposit Net Pay,-$13352.14,$27087.92
6/30/2025,Customer Invoice Payment,Payment for Shawn Malone Excavating (Invoice #1233),$2100.00,$29187.92
6/30/2025,Customer Invoice Payment,Payment for AJ Oleson Construction (Invoice #1261),$2040.00,$31227.92
6/30/2025,Customer Invoice Payment,Payment for AJ Oleson Construction (Invoice #1264),$2400.00,$33627.92
6/30/2025,Customer Invoice Payment,Payment #45824 for K.P. Martin (Invoice #1172),$1200.00,$34827.92
6/30/2025,Customer Invoice Payment,Payment #5567 for Firethorn Inc (Invoice #1235),$350.00,$35177.92
6/30/2025,Imported Transaction,Legends Bank - Personal CIGNA 877-484-59 8774845967,-$1081.83,$34096.09
6/30/2025,Customer Invoice Payment,Payment #4500169117 for APAC-Alabama Inc. (Invoice #1219),$250.00,$34346.09
6/30/2025,Journal Entry,Stripe Fees,-$5.00,$34341.09
6/30/2025,Journal Entry,Voided Original Transaction,-$2400.00,$31941.09
6/30/2025,Journal Entry,Voided Original Transaction,-$2040.00,$29901.09
6/30/2025,Imported Transaction,INTERNET TRANSFER FROM CHK XXXXX131 TO CHK XXXXX142 8630755,-$300.00,$29601.09
6/30/2025,Imported Transaction,PAYPAL INST XFER,-$37.77,$29563.32
6/30/2025,Journal Entry,Mobile Transfer 7131 to 7544 2799673,-$1000.00,$28563.32
7/1/2025,Imported Transaction,Legends Bank - Personal KANSAS PAYMENT SUPPORT,-$205.38,$28357.94
7/1/2025,Customer Invoice Payment,Payment #Stripe for Land Development DGPS Construction (Invoice #1154),$6820.00,$35177.94
7/1/2025,Journal Entry,Stripe Fees,-$198.08,$34979.86
7/1/2025,Imported Transaction,Legends Bank - Personal STEFFANIE QUIBETE IAT PAYPAL WEB000000000000125300 AB CIVIL CONSULTING LLC,-$1253.00,$33726.86
7/1/2025,Imported Transaction,Legends Bank - Personal APPLECARD GSBANK PAYMENT,-$68.66,$33658.20
7/1/2025,Imported Transaction,Legends Bank - Personal INTUIT FINANCING QBC_PMTS,-$1833.77,$31824.43
7/2/2025,Customer Invoice Payment,Payment #838686 for Brightview Landscape Development (Invoice #1126),$1200.00,$33024.43
7/2/2025,Customer Invoice Payment,Payment #737737 for Wenzel Contractors Inc. (Wenzel Contracting) (Invoice #1244),$3380.00,$36404.43
7/2/2025,Customer Invoice Payment,Payment #737737 for Wenzel Contractors Inc. (Wenzel Contracting) (Invoice #1266),$450.00,$36854.43
7/2/2025,Customer Invoice Payment,Payment #737737 for Wenzel Contractors Inc. (Wenzel Contracting) (Invoice #1267),$840.00,$37694.43
7/2/2025,Customer Invoice Payment,Payment for AJ Oleson Construction (Invoice #1261),$2040.00,$39734.43
7/2/2025,Customer Invoice Payment,Payment for AJ Oleson Construction (Invoice #1264),$2400.00,$42134.43
7/2/2025,Journal Entry,Stripe Fees,-$129.36,$42005.07
7/2/2025,Imported Transaction,Legends Bank - Personal INTUIT FINANCING QBC_PMTS,-$917.90,$41087.17
7/3/2025,Imported Transaction,Legends Bank - Personal IRS USATAXPYMT,-$8.50,$41078.67
7/3/2025,Imported Transaction,Legends Bank - Personal IRS USATAXPYMT,-$3922.49,$37156.18
7/3/2025,Imported Transaction,Legends Bank - Personal PAYPAL INST XFER,-$96.35,$37059.83
7/3/2025,Imported Transaction,Legends Bank - Personal APPLE CANADA INC. ACH/CRED MIS000000000000009332 AB Civil Consulting LLC,$93.32,$37153.15
7/7/2025,Customer Invoice Payment,Payment for Premier Property Services (Invoice #1300),$1500.00,$38653.15
7/7/2025,Customer Invoice Payment,Payment for AJ Oleson Construction (Invoice #1304),$2060.00,$40713.15
7/7/2025,Imported Transaction,Legends Bank - Personal THE HARTFORD INSPMTCL,-$509.80,$40203.35
7/7/2025,Imported Transaction,Legends Bank - Personal PAYPAL INST XFER,-$211.00,$39992.35
7/7/2025,Journal Entry,Stripe Fees,-$17.59,$39974.76
7/7/2025,Imported Transaction,Legends Bank - Personal INTUIT FINANCING QBC_PMTS,-$917.70,$39057.06
7/9/2025,Customer Invoice Payment,Payment for Precision Site Development LLC (Invoice #1283),$4040.00,$43097.06
7/9/2025,Customer Invoice Payment,Payment #12358 for Abscope Enviornmental (Invoice #1273),$1880.00,$44977.06
7/9/2025,Customer Invoice Payment,Payment #12358 for Abscope Enviornmental (Invoice #1281),$1490.00,$46467.06
7/9/2025,Customer Invoice Payment,Payment #1073 for June Engineering Consultants (Invoice #1284),$500.00,$46967.06
7/9/2025,Customer Invoice Payment,Payment #1211515 for Pike Construction (Invoice #1248),$250.00,$47217.06
7/9/2025,Customer Invoice Payment,Payment #13883 for Terry Roberts Site Work (Invoice #1165),$2060.00,$49277.06
7/9/2025,Customer Invoice Payment,Payment #13883 for Terry Roberts Site Work (Invoice #1207),$1820.00,$51097.06
7/9/2025,Imported Transaction,Legends Bank - Personal MOBILE TRANSFER FROM CHK 7131 TO CHK 2803 8111182,-$2000.00,$49097.06
7/9/2025,Imported Transaction,Legends Bank - Personal PAYPAL INST XFER,-$884.75,$48212.31
7/9/2025,Journal Entry,Stripe Fees,-$60.04,$48152.27
7/9/2025,Imported Transaction,Legends Bank - Personal INTERNET TRANSFER FROM CHK 7131 TO CHK 7073 7510180,-$2500.00,$45652.27
7/10/2025,Customer Invoice Payment,Payment for Coscia Land Management (Invoice #1311),$250.00,$45902.27
7/10/2025,Imported Transaction,Legends Bank - Personal Verizon Wireless,-$398.15,$45504.12
7/10/2025,Imported Transaction,Legends Bank - Personal PAYPAL INST XFER,-$17.79,$45486.33
7/10/2025,Imported Transaction,Legends Bank - Personal NEWLANE AUTH PAYME,-$611.73,$44874.60
7/10/2025,Payroll,Harrison uncleared check,-$515.31,$44359.29
7/10/2025,Payroll,Direct Deposit Net Pay,-$12328.00,$32031.29
7/11/2025,Contractor Payment,Payment for Ufredo Barahona,-$650.00,$31381.29
7/11/2025,Imported Transaction,Legends Bank - Personal INTERNET TRANSFER FROM CHK XXXXX131 TO CHK XXXXX803 4794757,-$2500.00,$28881.29
7/11/2025,Void Payroll, Non-Direct Deposit Net Pay: Starkweather Harrison,$515.31,$29396.60
7/14/2025,Imported Transaction,Legends Bank - Personal STEFFANIE QUIBETE IAT PAYPAL WEB000000000000112025 AB CIVIL CONSULTING LLC,-$1120.25,$28276.35
7/14/2025,Imported Transaction,Legends Bank - Personal Best Buy,-$220.00,$28056.35
7/14/2025,Journal Entry,Stripe Fees,-$7.55,$28048.80
7/15/2025,Imported Transaction,Legends Bank - Personal SBA EIDL LOAN PAYMENT 3015519102,-$356.00,$27692.80
7/15/2025,Imported Transaction,Legends Bank - Personal CarMax,-$1050.82,$26641.98
7/16/2025,Imported Transaction,Legends Bank - Personal KANSAS PAYMENT SUPPORT,-$205.38,$26436.60
7/17/2025,Customer Invoice Payment,Payment #2527 for Knust Excavating (Invoice #1253),$900.00,$27336.60
7/17/2025,Customer Invoice Payment,Payment #2690 for Engineering & Environmental Construction Inc (Invoice #1242),$3420.00,$30756.60
7/17/2025,Customer Invoice Payment,Payment for Precision Site Development LLC (Invoice #1309),$2780.00,$33536.60
7/18/2025,Customer Invoice Payment,Payment for Earthtech Developers (Invoice #1323),$1910.00,$35446.60
7/18/2025,Customer Invoice Payment,Payment #34814 for JWB Contractors (Invoice #1274),$4320.00,$39766.60
7/18/2025,Customer Invoice Payment,Payment #6235 for SITECH Chesapeake LLC (Invoice #1290),$2250.00,$42016.60
7/18/2025,Customer Invoice Payment,Payment #2543 for Knust Excavating (Invoice #1306),$2470.00,$44486.60
7/18/2025,Imported Transaction,Legends Bank - Personal AMEX EPAYMENT ACH PMT,-$6071.13,$38415.47
7/21/2025,Customer Invoice Payment,Payment for Korb Construction Services LLC (Invoice #1330),$1200.00,$39615.47
7/21/2025,Imported Transaction,Legends Bank - Personal MOBILE TRANSFER FROM CHK 7131 TO CHK 2803 7963087,-$5000.00,$34615.47
7/22/2025,Journal Entry,Stripe Fees,-$55.69,$34559.78
7/22/2025,Imported Transaction,Legends Bank - Personal INTUIT FINANCING QBC_PMTS,-$917.71,$33642.07
7/23/2025,Customer Invoice Payment,Payment #4857 for Central Florida Site Pros Inc (Invoice #1250),$1700.00,$35342.07
7/23/2025,Customer Invoice Payment,Payment #68947 for Edger Enterprises (Invoice #1255),$1990.00,$37332.07
7/23/2025,Customer Invoice Payment,Payment #21112 for Litman Excavating (Invoice #1251),$1000.00,$38332.07
7/23/2025,Imported Transaction,Legends Bank - Personal KYGOV KYEMPLOYMT,-$14.03,$38318.04
7/23/2025,Imported Transaction,Legends Bank - Personal STATE OF TN BALANCEDUE,-$114.03,$38204.01
7/23/2025,Journal Entry,Stripe Fees,-$35.10,$38168.91
7/23/2025,Imported Transaction,Legends Bank - Personal INTUIT FINANCING QBC_PMTS,-$209.54,$37959.37
7/23/2025,Imported Transaction,Legends Bank - Personal INTUIT FINANCING QBC_PMTS,-$114.38,$37844.99
7/23/2025,Imported Transaction,Legends Bank - Personal INTUIT FINANCING QBC_PMTS,-$172.94,$37672.05
7/23/2025,Imported Transaction,Legends Bank - Personal INTUIT FINANCING QBC_PMTS,-$172.94,$37499.11
7/23/2025,Imported Transaction,Legends Bank - Personal INTUIT FINANCING QBC_PMTS,-$102.94,$37396.17
7/23/2025,Imported Transaction,Legends Bank - Personal INTUIT FINANCING QBC_PMTS,-$183.00,$37213.17
7/23/2025,Imported Transaction,Legends Bank - Personal INTUIT FINANCING QBC_PMTS,-$328.49,$36884.68
7/23/2025,Imported Transaction,Legends Bank - Personal INTUIT FINANCING QBC_PMTS,-$227.84,$36656.84
7/23/2025,Imported Transaction,Legends Bank - Personal INTUIT FINANCING QBC_PMTS,-$181.17,$36475.67
7/24/2025,Customer Invoice Payment,Payment for Land Development DGPS Construction (Invoice #1148),$3620.00,$40095.67
7/24/2025,Customer Invoice Payment,Payment for Precision Site Development LLC (Invoice #1312),$650.00,$40745.67
7/24/2025,Customer Invoice Payment,Payment for Precision Site Development LLC (Invoice #1313),$250.00,$40995.67
7/24/2025,Customer Invoice Payment,Payment for Precision Site Development LLC (Invoice #1314),$1250.00,$42245.67
7/24/2025,Imported Transaction,Legends Bank - Personal INTERNET TRANSFER FROM CHK 7131 TO CHK 2803 7120404,-$3000.00,$39245.67
7/24/2025,Imported Transaction,Legends Bank - Personal VA DEPT TAXATION TAX PAYMEN,-$10.19,$39235.48
7/24/2025,Imported Transaction,Legends Bank - Personal VA DEPT TAXATION TAX PAYMEN,-$10.09,$39225.39
7/24/2025,Imported Transaction,Legends Bank - Personal VA DEPT TAXATION TAX PAYMEN,-$10.19,$39215.20
7/24/2025,Journal Entry,Mobile Deposit,$875.00,$40090.20
7/25/2025,Payroll,Direct Deposit Net Pay,-$11798.40,$28291.80
7/28/2025,Customer Invoice Payment,Payment for Central Florida Site Pros Inc (Invoice #1286),$1960.00,$30251.80
7/28/2025,Imported Transaction,Legends Bank - Personal INTERNET TRANSFER FROM CHK XXXXX131 TO CHK XXXXX073 6783361,-$1400.00,$28851.80
7/28/2025,Journal Entry,Stripe Fees,-$110.28,$28741.52
7/29/2025,Imported Transaction,Legends Bank - Personal PAYPAL INST XFER,-$37.77,$28703.75
7/30/2025,Contractor Payment,Payment for Ufredo Barahona,-$1500.00,$27203.75
7/30/2025,Customer Invoice Payment,Payment for Bear Excavating (Invoice #1315),$250.00,$27453.75
7/30/2025,Journal Entry,Stripe Fees,-$2.00,$27451.75
7/31/2025,Imported Transaction,Legends Bank - Personal STATE OF MONTANA MT TAX PMT,-$85.00,$27366.75
7/31/2025,Imported Transaction,Legends Bank - Personal CIGNA 877-484-59 8774845967,-$1081.83,$26284.92
7/31/2025,Imported Transaction,Legends Bank - Personal INTERNET TRANSFER FROM CHK XXXXX131 TO CHK XXXXX142 8630755,-$300.00,$25984.92
7/31/2025,Customer Invoice Payment,Payment for AB Civil Consulting of NC PLLC (Invoice #1010),$550.00,$26534.92
7/31/2025,Customer Invoice Payment,Payment for AB Civil Consulting of NC PLLC (Invoice #1363),$2108.00,$28642.92
7/31/2025,Customer Invoice Payment,Payment for AB Civil Consulting of NC PLLC (Invoice #1364),$320.00,$28962.92
7/31/2025,Customer Invoice Payment,Payment for AB Civil Consulting of NC PLLC (Invoice #1365),$1450.00,$30412.92
7/31/2025,Customer Invoice Payment,Payment for AB Civil Consulting of NC PLLC (Invoice #1366),$3000.00,$33412.92
7/31/2025,Imported Transaction,Legends Bank - Personal INTUIT FINANCING QBC_PMTS,-$1833.77,$31579.15
8/1/2025,Customer Invoice Payment,Payment for Precision Site Development LLC (Invoice #1337),$550.00,$32129.15
8/1/2025,Customer Invoice Payment,Payment for Precision Site Development LLC (Invoice #1339),$750.00,$32879.15
8/1/2025,Imported Transaction,Legends Bank - Personal STATE OF MONTANA UIT PMT TXP 2113212 IIT 74,-$73.84,$32805.31
8/1/2025,Imported Transaction,Legends Bank - Personal APPLECARD GSBANK PAYMENT,-$52.82,$32752.49
8/1/2025,Imported Transaction,Legends Bank - Personal CO UI EMP SVCS PREM PYMT,-$715.49,$32037.00
8/1/2025,Imported Transaction,Legends Bank - Personal SC DEPT REVENUE DEBIT,-$1217.25,$30819.75
8/1/2025,Imported Transaction,Legends Bank - Personal PAYPAL INST XFER,-$105.50,$30714.25
8/4/2025,Customer Invoice Payment,Payment #023785 for Central Site Development (Invoice #1181),$3000.00,$33714.25
8/4/2025,Customer Invoice Payment,Payment #023785 for Central Site Development (Invoice #1265),$950.00,$34664.25
8/4/2025,Customer Invoice Payment,Payment #4013 for Shawn Malone Excavating (Invoice #1262),$1200.00,$35864.25
8/4/2025,Customer Invoice Payment,Payment #4013 for Shawn Malone Excavating (Invoice #1303),$1520.00,$37384.25
8/4/2025,Customer Invoice Payment,Payment #6550 for Ben Kauser Excavating LLC (Invoice #1333),$1650.00,$39034.25
8/4/2025,Customer Invoice Payment,Payment for Edger Enterprises (Invoice #1225),$2040.00,$41074.25
8/4/2025,Customer Invoice Payment,Payment for Edger Enterprises (Invoice #1271),$2470.00,$43544.25
8/4/2025,Customer Invoice Payment,Payment for K.P. Martin (Invoice #1302),$450.00,$43994.25
8/4/2025,Customer Invoice Payment,Payment #21168 for Litman Excavating (Invoice #1269),$1000.00,$44994.25
8/4/2025,Imported Transaction,Legends Bank - Personal STRIPE TRANSFER,-$10.95,$44983.30
8/4/2025,Imported Transaction,Legends Bank - Personal OKLAHOMATAXPMTS OK TAX PMT,-$571.00,$44412.30
8/4/2025,Imported Transaction,Legends Bank - Personal MDVIP INC 8778861411,-$537.50,$43874.80
8/4/2025,Imported Transaction,Legends Bank - Personal KENTUCKY DORIS KY TAX PMT,-$759.71,$43115.09
8/4/2025,Imported Transaction,Legends Bank - Personal EMPL SEC COMM EMPL SEC 2502423009,-$222.07,$42893.02
8/4/2025,Imported Transaction,Legends Bank - Personal MER BK. MTHLY DISC,-$20.00,$42873.02
8/4/2025,Imported Transaction,Legends Bank - Personal INTUIT FINANCING QBC_PMTS,-$917.90,$41955.12
8/5/2025,Customer Invoice Payment,Payment for Coscia Land Management (Invoice #1357),$350.00,$42305.12
8/5/2025,Imported Transaction,Legends Bank - Personal THE HARTFORD INSPMTCL,-$509.80,$41795.32
8/5/2025,Imported Transaction,Legends Bank - Personal KANSAS PAYMENT SUPPORT,-$205.38,$41589.94
8/5/2025,Imported Transaction,Legends Bank - Personal KANSAS PAYMENT SUPPORT,-$205.38,$41384.56
8/5/2025,Imported Transaction,Legends Bank - Personal INTUIT FINANCING QBC_PMTS,-$917.70,$40466.86
8/6/2025,Customer Invoice Payment,Payment for Kwest Group (Invoice #1276),$2875.00,$43341.86
8/6/2025,Customer Invoice Payment,Payment for Kwest Group (Invoice #1277),$2575.00,$45916.86
8/6/2025,Customer Invoice Payment,Payment for Kwest Group (Invoice #1282),$2250.00,$48166.86
8/6/2025,Imported Transaction,Legends Bank - Personal STEFFANIE QUIBETE IAT PAYPAL WEB000000000000098050 AB CIVIL CONSULTING LLC,-$980.50,$47186.36
8/6/2025,Imported Transaction,Legends Bank - Personal GATEWAY SERVICES WEBPAYMENT,-$13.20,$47173.16
8/6/2025,Imported Transaction,Legends Bank - Personal EFT NETWORK BILLING,-$10.00,$47163.16
8/7/2025,Customer Invoice Payment,Payment #23599 for Robert C. Young (Invoice #1240),$1200.00,$48363.16
8/7/2025,Customer Invoice Payment,Payment for Diehl Development Inc. (Invoice #1221),$1780.00,$50143.16
8/7/2025,Customer Invoice Payment,Payment for Diehl Development Inc. (Invoice #1232),$250.00,$50393.16
8/7/2025,Customer Invoice Payment,Payment #14467 for Diehl Development Inc. (Invoice #1291),$2220.00,$52613.16
8/7/2025,Customer Invoice Payment,Payment #14467 for Diehl Development Inc. (Invoice #1301),$2530.00,$55143.16
8/7/2025,Customer Invoice Payment,Payment #030301 for Precision Turf LLC (Invoice #1292),$625.00,$55768.16
8/7/2025,Imported Transaction,Legends Bank - Personal INTERNET TRANSFER FROM CHK 7131 TO CHK 2803 7443767,-$2000.00,$53768.16
8/7/2025,Journal Entry,Stripe Fees,-$10.45,$53757.71
8/8/2025,Contractor Payment,Payment for Ufredo Barahona,-$1200.00,$52557.71
8/8/2025,Contractor Payment,Payment for Ufredo Barahona,-$6950.00,$45607.71
8/8/2025,Payroll,Direct Deposit Net Pay,-$12708.57,$32899.14
8/11/2025,Imported Transaction,Legends Bank - Personal IRS USATAXPYMT,-$3791.49,$29107.65
8/11/2025,Imported Transaction,Legends Bank - Personal IRS USATAXPYMT,-$3489.75,$25617.90
8/11/2025,Imported Transaction,Legends Bank - Personal NEWLANE AUTH PAYME,-$611.73,$25006.17
8/11/2025,Imported Transaction,Legends Bank - Personal Verizon Wireless,-$398.04,$24608.13
8/12/2025,Customer Invoice Payment,Payment for Earthtech Developers (Invoice #1375),$1580.00,$26188.13
8/12/2025,Customer Invoice Payment,Payment for AB Civil Consulting of NC PLLC (Invoice #1010),$1984.00,$28172.13
8/12/2025,Customer Invoice Payment,Payment for AB Civil Consulting of NC PLLC (Invoice #1368),$980.00,$29152.13
8/12/2025,Customer Invoice Payment,Payment for AB Civil Consulting of NC PLLC (Invoice #1369),$1360.00,$30512.13
8/12/2025,Customer Invoice Payment,Payment for AB Civil Consulting of NC PLLC (Invoice #1370),$1020.00,$31532.13
8/12/2025,Customer Invoice Payment,Payment for AB Civil Consulting of NC PLLC (Invoice #1371),$977.00,$32509.13
8/12/2025,Customer Invoice Payment,Payment for AB Civil Consulting of NC PLLC (Invoice #1372),$1060.00,$33569.13
8/12/2025,Customer Invoice Payment,Payment for AB Civil Consulting of NC PLLC (Invoice #1373),$2507.00,$36076.13
8/12/2025,Journal Entry,Wire Transfer from AB Civil of NC,$1500.00,$37576.13
8/13/2025,Customer Invoice Payment,Payment for Western Constructors & Logistics LLX (Invoice #1285),$3850.00,$41426.13
8/13/2025,Customer Invoice Payment,Payment #1212354 for Pike Construction (Invoice #1316),$1560.00,$42986.13
8/13/2025,Customer Invoice Payment,Payment #008001 for Mitch Brown Construction Inc (Invoice #1331),$850.00,$43836.13
8/13/2025,Imported Transaction,Legends Bank - Personal INTERNET TRANSFER FROM CHK XXXXX131 TO CHK XXXXX803 4794757,-$2500.00,$41336.13
8/14/2025,Imported Transaction,Legends Bank - Personal Best Buy,-$122.88,$41213.25
8/14/2025,Imported Transaction,Legends Bank - Personal MYFAMLI CDLE FAMLI,-$17.89,$41195.36
8/14/2025,Journal Entry,Stripe Fees,-$46.12,$41149.24
8/15/2025,Customer Invoice Payment,Payment for JB Coxwell Contracting Inc. (Invoice #1307),$8890.00,$50039.24
8/15/2025,Imported Transaction,Legends Bank - Personal STEFFANIE QUIBETE IAT PAYPAL WEB000000000000082175 AB CIVIL CONSULTING LLC,-$821.75,$49217.49
8/15/2025,Imported Transaction,Legends Bank - Personal SBA EIDL LOAN PAYMENT 3015519102,-$356.00,$48861.49
8/15/2025,Imported Transaction,Legends Bank - Personal IRS USATAXPYMT,-$3757.37,$45104.12
8/15/2025,Imported Transaction,Legends Bank - Personal CarMax,-$1050.82,$44053.30
8/15/2025,Journal Entry,Stripe Fees,-$111.95,$43941.35
8/17/2025,Void Customer Invoice Payment,Payment for Land Development DGPS Construction (Invoice #1154),-$6820.00,$37121.35
8/17/2025,Journal Entry,Reversal of Duplicate Transaction: There was a stripe Transfer payment applied to Invoice 1154 twice. Correct payment was 6.17.2025,$6820.00,$43941.35
8/18/2025,Customer Invoice Payment,Payment for Korb Construction Services LLC (Invoice #1387),$300.00,$44241.35
8/18/2025,Customer Invoice Payment,Payment for AB Civil Consulting of NC PLLC (Invoice #1382),$5560.00,$49801.35
8/18/2025,Customer Invoice Payment,Payment for AB Civil Consulting of NC PLLC (Invoice #1383),$3264.00,$53065.35
8/18/2025,Void Customer Invoice Payment,Payment for AJ Oleson Construction (Invoice #1261),-$2040.00,$51025.35
8/18/2025,Void Customer Invoice Payment,Payment for AJ Oleson Construction (Invoice #1264),-$2400.00,$48625.35
8/18/2025,Imported Transaction,Legends Bank - Personal AMEX EPAYMENT ACH PMT,-$7354.36,$41270.99
8/18/2025,Journal Entry,Reversal of Duplicate Transaction: There was a Stripe Transfer payment applied to Invoice 1264. Correct payment was 7.2.2025,$2400.00,$43670.99
8/18/2025,Journal Entry,Reversal of Duplicate Transaction: There was a stripe Transfer payment applied to Invoice 1261 twice. Correct payment was 7.2.2025,$2040.00,$45710.99
8/19/2025,Customer Invoice Payment,Payment for Grovin Construction (Invoice #1270),$8160.00,$53870.99
8/19/2025,Imported Transaction,Legends Bank - Personal MOBILE TRANSFER FROM CHK 7131 TO CHK 2803 2406007,-$2000.00,$51870.99
8/20/2025,Imported Transaction,Legends Bank - Personal CO DEPT REVENUE TAXPAYMENT,-$149.00,$51721.99
8/20/2025,Imported Transaction,Legends Bank - Personal MOBILE TRANSFER FROM CHK 7131 TO CHK 2803 7859782,-$4000.00,$47721.99
8/20/2025,Journal Entry,Stripe Fees,-$9.00,$47712.99
8/20/2025,Imported Transaction,Legends Bank - Personal INTUIT FINANCING QBC_PMTS,-$917.71,$46795.28
8/21/2025,Customer Invoice Payment,Payment #4927 for Central Florida Site Pros Inc (Invoice #1254),$1510.00,$48305.28
8/21/2025,Customer Invoice Payment,Payment #4927 for Central Florida Site Pros Inc (Invoice #1279),$1520.00,$49825.28
8/21/2025,Customer Invoice Payment,Payment #4927 for Central Florida Site Pros Inc (Invoice #1289),$1430.00,$51255.28
8/21/2025,Customer Invoice Payment,Payment #1748 for Gude LLC (Invoice #1367),$4790.00,$56045.28
8/21/2025,Customer Invoice Payment,Payment for Abscope Enviornmental (Invoice #1341),$1200.00,$57245.28
8/21/2025,Customer Invoice Payment,Payment for Precision Site Development LLC (Invoice #1376),$750.00,$57995.28
8/22/2025,Contractor Payment,Payment for Ufredo Barahona,-$500.00,$57495.28
8/22/2025,Customer Invoice Payment,Payment for Kwest Group (Invoice #1324),$2500.00,$59995.28
8/22/2025,Customer Invoice Payment,Payment for Kwest Group (Invoice #1325),$2500.00,$62495.28
8/22/2025,Customer Invoice Payment,Payment for Kwest Group (Invoice #1326),$3750.00,$66245.28
8/22/2025,Journal Entry,Missing Stripe Entry: Stripe Transfer,$750.99,$66996.27
8/22/2025,Payroll,Direct Deposit Net Pay,-$12866.43,$54129.84
8/25/2025,Imported Transaction,Legends Bank - Personal KANSAS PAYMENT SUPPORT,-$205.38,$53924.46
8/25/2025,Imported Transaction,Legends Bank - Personal MOBILE TRANSFER FROM CHK 7131 TO CHK 2803 7297393,-$2000.00,$51924.46
8/25/2025,Imported Transaction,Legends Bank - Personal INTUIT FINANCING QBC_PMTS,-$209.54,$51714.92
8/25/2025,Imported Transaction,Legends Bank - Personal INTUIT FINANCING QBC_PMTS,-$114.38,$51600.54
8/25/2025,Imported Transaction,Legends Bank - Personal INTUIT FINANCING QBC_PMTS,-$172.94,$51427.60
8/25/2025,Imported Transaction,Legends Bank - Personal INTUIT FINANCING QBC_PMTS,-$172.94,$51254.66
8/25/2025,Imported Transaction,Legends Bank - Personal INTUIT FINANCING QBC_PMTS,-$102.94,$51151.72
8/25/2025,Imported Transaction,Legends Bank - Personal INTUIT FINANCING QBC_PMTS,-$183.00,$50968.72
8/25/2025,Imported Transaction,Legends Bank - Personal INTUIT FINANCING QBC_PMTS,-$328.49,$50640.23
8/25/2025,Imported Transaction,Legends Bank - Personal INTUIT FINANCING QBC_PMTS,-$227.84,$50412.39
8/25/2025,Imported Transaction,Legends Bank - Personal INTUIT FINANCING QBC_PMTS,-$181.17,$50231.22
8/26/2025,Contractor Payment,Payment for Ufredo Barahona,-$7000.00,$43231.22
8/26/2025,Customer Invoice Payment,Payment for Earthwork Tech (Invoice #1385),$2200.00,$45431.22
8/26/2025,Customer Invoice Payment,Payment for Double A (Invoice #1321),$550.00,$45981.22
8/26/2025,Imported Transaction,Legends Bank - Personal IRS USATAXPYMT,-$3811.42,$42169.80
8/26/2025,Imported Transaction,Legends Bank - Personal STEFFANIE QUIBETE IAT PAYPAL WEB000000000000089925 AB CIVIL CONSULTING LLC,-$899.25,$41270.55
8/26/2025,Imported Transaction,Legends Bank - Personal MOBILE TRANSFER FROM CHK 7131 TO CHK 2803 2801286,-$1000.00,$40270.55
8/27/2025,Customer Invoice Payment,Payment for Grovin Construction (Invoice #1308),$4190.00,$44460.55
8/27/2025,Customer Invoice Payment,Payment #15597 for Ward Excavating (Invoice #1346),$1750.00,$46210.55
8/27/2025,Customer Invoice Payment,Payment #14037 for Terry Roberts Site Work (Invoice #1336),$1200.00,$47410.55
8/27/2025,Customer Invoice Payment,Payment #14532 for Diehl Development Inc. (Invoice #1278),$2190.00,$49600.55
8/27/2025,Customer Invoice Payment,Payment #14532 for Diehl Development Inc. (Invoice #1320),$450.00,$50050.55
8/27/2025,Customer Invoice Payment,Payment for Stewart Development (Invoice #1349),$2410.00,$52460.55
8/27/2025,Customer Invoice Payment,Payment #1564 for Unlimited Site Services (Invoice #1347),$450.00,$52910.55
8/27/2025,Customer Invoice Payment,Payment #6441 for Montroy Development (Invoice #1358),$3250.00,$56160.55
8/27/2025,Customer Invoice Payment,Payment #5760 for Firethorn Inc (Invoice #1287),$4280.00,$60440.55
8/27/2025,Customer Invoice Payment,Payment #21346 for Litman Excavating (Invoice #1327),$1125.00,$61565.55
8/28/2025,Customer Invoice Payment,Payment for Iron Industries (Invoice #1340),$1500.00,$63065.55
8/28/2025,Journal Entry,Stripe Fees,-$80.35,$62985.20
8/28/2025,Customer Invoice Payment,Payment for Kwest Group (Invoice #1345),$1500.00,$64485.20
8/28/2025,Imported Transaction,Legends Bank - Personal MOBILE TRANSFER FROM CHK 7131 TO CHK 2803 8024765,-$3000.00,$61485.20
8/28/2025,Imported Transaction,Legends Bank - Personal INTERNET TRANSFER FROM CHK XXXXX131 TO CHK XXXXX073 6783361,-$1400.00,$60085.20
8/29/2025,Imported Transaction,Legends Bank - Personal INTERNET TRANSFER FROM CHK XXXXX131 TO CHK XXXXX142 8630755,-$300.00,$59785.20
8/29/2025,Imported Transaction,Legends Bank - Personal PAYPAL INST XFER,-$37.77,$59747.43
9/2/2025,Contractor Payment,Payment for Ufredo Barahona,-$2100.00,$57647.43
9/2/2025,Imported Transaction,Legends Bank - Personal APPLECARD GSBANK PAYMENT,-$52.82,$57594.61
9/2/2025,Imported Transaction,Legends Bank - Personal CIGNA 877-484-59 8774845967,-$1081.83,$56512.78
9/2/2025,Imported Transaction,Legends Bank - Personal MER BK. MTHLY DISC,-$10.00,$56502.78
9/2/2025,Journal Entry,Stripe Fees,-$43.80,$56458.98
9/3/2025,Customer Invoice Payment,Payment for TD Thomson Construction (Invoice #1425),$400.00,$56858.98
9/3/2025,Imported Transaction,Legends Bank - Personal EFT NETWORK BILLING,-$10.00,$56848.98
9/3/2025,Imported Transaction,Legends Bank - Personal INTUIT FINANCING QBC_PMTS,-$1833.77,$55015.21
9/3/2025,Imported Transaction,Legends Bank - Personal INTUIT FINANCING QBC_PMTS,-$917.90,$54097.31
9/4/2025,Customer Invoice Payment,Payment for TD Thomson Construction (Invoice #1374),$3060.00,$57157.31
9/4/2025,Journal Entry,Stripe Fees,-$11.90,$57145.41
9/4/2025,Imported Transaction,Legends Bank - Personal STRIPE TRANSFER,-$10.95,$57134.46
9/4/2025,Imported Transaction,Legends Bank - Personal APPLE CANADA INC. ACH/CRED MIS000000000000018417 AB Civil Consulting LLC,$184.17,$57318.63
9/4/2025,Imported Transaction,Legends Bank - Personal INTUIT FINANCING QBC_PMTS,-$917.70,$56400.93
9/5/2025,Customer Invoice Payment,Payment #1212825 for Pike Construction (Invoice #1234),$750.00,$57150.93
9/5/2025,Customer Invoice Payment,Payment #5026 for Central Florida Site Pros Inc (Invoice #1280),$2050.00,$59200.93
9/5/2025,Customer Invoice Payment,Payment #4990 for Central Florida Site Pros Inc (Invoice #1288),$1200.00,$60400.93
9/5/2025,Customer Invoice Payment,Payment #4990 for Central Florida Site Pros Inc (Invoice #1318),$2790.00,$63190.93
9/5/2025,Customer Invoice Payment,Payment #3473 for KW Excavation Inc. (Invoice #1343),$750.00,$63940.93
9/5/2025,Journal Entry,Stripe Fees,-$89.04,$63851.89
9/5/2025,Imported Transaction,Legends Bank - Personal THE HARTFORD INSPMTCL,-$509.80,$63342.09
9/5/2025,Payroll,Direct Deposit Net Pay,-$13505.07,$49837.02
9/8/2025,Imported Transaction,Legends Bank - Personal Venmo,-$75.00,$49762.02
9/8/2025,Imported Transaction,Legends Bank - Personal Venmo,-$300.00,$49462.02
9/9/2025,Customer Invoice Payment,Payment for AB Civil Consulting of NC PLLC (Invoice #1394),$1487.00,$50949.02
9/9/2025,Customer Invoice Payment,Payment for AB Civil Consulting of NC PLLC (Invoice #1396),$400.00,$51349.02
9/9/2025,Customer Invoice Payment,Payment for AB Civil Consulting of NC PLLC (Invoice #1397),$2200.00,$53549.02
9/9/2025,Customer Invoice Payment,Payment for AB Civil Consulting of NC PLLC (Invoice #1403),$3560.00,$57109.02
9/9/2025,Customer Invoice Payment,Payment for AB Civil Consulting of NC PLLC (Invoice #1405),$320.00,$57429.02
9/9/2025,Customer Invoice Payment,Payment for AB Civil Consulting of NC PLLC (Invoice #1406),$630.00,$58059.02
9/9/2025,Imported Transaction,Legends Bank - Personal GATEWAY SERVICES WEBPAYMENT,-$21.30,$58037.72
9/9/2025,Imported Transaction,Legends Bank - Personal UPWORK ESCROW IN EDI PYMNTS,-$149.59,$57888.13
9/9/2025,Journal Entry,Transfer from BOR to Legends Bank: Paid for Arrowhead Contractors - Site Takeoff (12312 Dreamcatcher Hotels of Asheville). Paid to Ufredo,$1500.00,$59388.13
9/10/2025,Imported Transaction,Legends Bank - Personal Verizon Wireless,-$367.49,$59020.64
9/10/2025,Imported Transaction,Legends Bank - Personal KANSAS PAYMENT SUPPORT,-$205.38,$58815.26
9/10/2025,Imported Transaction,Legends Bank - Personal NEWLANE AUTH PAYME,-$611.73,$58203.53
9/11/2025,Imported Transaction,Legends Bank - Personal INTERNET TRANSFER FROM CHK 7131 TO CHK 7073 7535504,-$5000.00,$53203.53
9/12/2025,Imported Transaction,Legends Bank - Personal INTERNET TRANSFER FROM CHK XXXXX131 TO CHK XXXXX803 4794757,-$2500.00,$50703.53
9/12/2025,Customer Invoice Payment,Payment #737951 for Wenzel Contractors Inc. (Wenzel Contracting) (Invoice #1332),$350.00,$51053.53
9/12/2025,Customer Invoice Payment,Payment #005922 for Tampa Contracting Services (Invoice #1424),$770.00,$51823.53
9/12/2025,Customer Invoice Payment,Payment #5927 for Firethorn Inc (Invoice #1322),$950.00,$52773.53
9/12/2025,Customer Invoice Payment,Payment #12576 for Abscope Enviornmental (Invoice #1381),$550.00,$53323.53
9/12/2025,Customer Invoice Payment,Payment #21439 for Litman Excavating (Invoice #1328),$1875.00,$55198.53
9/12/2025,Customer Invoice Payment,Payment #020660 for Abrams Group Construction (Invoice #1414),$750.00,$55948.53
9/12/2025,Customer Invoice Payment,Payment #5063 for Central Florida Site Pros Inc (Invoice #1272),$1870.00,$57818.53
9/15/2025,Imported Transaction,Legends Bank - Personal STEFFANIE QUIBETE IAT PAYPAL WEB000000000000067625 AB CIVIL CONSULTING LLC,-$676.25,$57142.28
9/15/2025,Imported Transaction,Legends Bank - Personal SBA EIDL LOAN PAYMENT 3015519102,-$356.00,$56786.28
9/15/2025,Imported Transaction,Legends Bank - Personal PAYPAL INST XFER,-$100.00,$56686.28
9/15/2025,Imported Transaction,Legends Bank - Personal IRS USATAXPYMT,-$4030.37,$52655.91
9/15/2025,Imported Transaction,Legends Bank - Personal CarMax,-$1050.82,$51605.09
9/16/2025,Contractor Payment,Payment for Ufredo Barahona,-$1200.00,$50405.09
9/16/2025,Imported Transaction,Legends Bank - Personal MOBILE TRANSFER FROM CHK 7131 TO CHK 2803 4388909,-$2000.00,$48405.09
9/16/2025,Imported Transaction,Legends Bank - Personal UPWORK ESCROW IN EDI PYMNTS,-$351.17,$48053.92
9/17/2025,Customer Invoice Payment,Payment for AJ Oleson Construction (Invoice #1444),$2030.00,$50083.92
9/17/2025,Customer Invoice Payment,Payment #9437 for Redman Construction (Invoice #1241),$6610.00,$56693.92
9/17/2025,Imported Transaction,Legends Bank - Personal MOBILE TRANSFER FROM CHK 7131 TO CHK 7073 7740373,-$3000.00,$53693.92
9/18/2025,Imported Transaction,Legends Bank - Personal AMEX EPAYMENT ACH PMT,-$5048.50,$48645.42
9/19/2025,Journal Entry,Stripe Fees,-$59.17,$48586.25
9/19/2025,Customer Invoice Payment,Payment #14585 for Diehl Development Inc. (Invoice #1377),$850.00,$49436.25
9/19/2025,Customer Invoice Payment,Payment #35059 for JWB Contractors (Invoice #1412),$1890.00,$51326.25
9/19/2025,Payroll,Direct Deposit Net Pay,-$13874.03,$37452.22
9/22/2025,Customer Invoice Payment,Payment for Precision Site Development LLC (Invoice #1428),$750.00,$38202.22
9/22/2025,Imported Transaction,Legends Bank - Personal INTUIT FINANCING QBC_PMTS,-$917.71,$37284.51
9/23/2025,Customer Invoice Payment,Payment #866982 for Brightview Landscape Development (Invoice #1319),$2310.00,$39594.51
9/23/2025,Imported Transaction,Legends Bank - Personal KANSAS PAYMENT SUPPORT,-$205.38,$39389.13
9/23/2025,Imported Transaction,Legends Bank - Personal THE HARTFORD INSPMTCL,-$453.00,$38936.13
9/23/2025,Imported Transaction,Legends Bank - Personal UPWORK ESCROW IN EDI PYMNTS,-$165.26,$38770.87
9/23/2025,Customer Invoice Payment,Payment #737983 for Wenzel Contractors Inc. (Wenzel Contracting) (Invoice #1410),$450.00,$39220.87
9/23/2025,Customer Invoice Payment,Payment #12601 for Abscope Enviornmental (Invoice #1416),$550.00,$39770.87
9/23/2025,Customer Invoice Payment,Payment #12601 for Abscope Enviornmental (Invoice #1415),$550.00,$40320.87
9/23/2025,Customer Invoice Payment,Payment #21555 for Litman Excavating (Invoice #1352),$1000.00,$41320.87
9/23/2025,Customer Invoice Payment,Payment #21555 for Litman Excavating (Invoice #1351),$1000.00,$42320.87
9/23/2025,Customer Invoice Payment,Payment #21555 for Litman Excavating (Invoice #1350),$875.00,$43195.87
9/23/2025,Imported Transaction,Legends Bank - Personal INTUIT FINANCING QBC_PMTS,-$209.54,$42986.33
9/23/2025,Imported Transaction,Legends Bank - Personal INTUIT FINANCING QBC_PMTS,-$114.38,$42871.95
9/23/2025,Imported Transaction,Legends Bank - Personal INTUIT FINANCING QBC_PMTS,-$172.94,$42699.01
9/23/2025,Imported Transaction,Legends Bank - Personal INTUIT FINANCING QBC_PMTS,-$172.94,$42526.07
9/23/2025,Imported Transaction,Legends Bank - Personal INTUIT FINANCING QBC_PMTS,-$102.94,$42423.13
9/23/2025,Imported Transaction,Legends Bank - Personal INTUIT FINANCING QBC_PMTS,-$183.00,$42240.13
9/23/2025,Imported Transaction,Legends Bank - Personal INTUIT FINANCING QBC_PMTS,-$328.49,$41911.64
9/23/2025,Imported Transaction,Legends Bank - Personal INTUIT FINANCING QBC_PMTS,-$227.84,$41683.80
9/23/2025,Imported Transaction,Legends Bank - Personal INTUIT FINANCING QBC_PMTS,-$181.17,$41502.63
9/24/2025,Customer Invoice Payment,Payment for IronHorse Trenching (Invoice #1310),$750.00,$42252.63
9/25/2025,Customer Invoice Payment,Payment for Precision Site Development LLC (Invoice #1449),$950.00,$43202.63
9/25/2025,Imported Transaction,Legends Bank - Personal PAYPAL INST XFER,-$148.24,$43054.39
9/26/2025,Imported Transaction,Legends Bank - Personal INTERNET TRANSFER FROM CHK XXXXX131 TO CHK XXXXX073 6783361,-$1400.00,$41654.39
9/26/2025,Customer Invoice Payment,Payment for AB Civil Consulting of NC PLLC (Invoice #1395),$5525.00,$47179.39
9/26/2025,Customer Invoice Payment,Payment for AB Civil Consulting of NC PLLC (Invoice #1398),$518.00,$47697.39
9/26/2025,Customer Invoice Payment,Payment for AB Civil Consulting of NC PLLC (Invoice #1399),$550.00,$48247.39
9/26/2025,Customer Invoice Payment,Payment for AB Civil Consulting of NC PLLC (Invoice #1400),$2150.00,$50397.39
9/26/2025,Customer Invoice Payment,Payment for AB Civil Consulting of NC PLLC (Invoice #1404),$2310.00,$52707.39
9/26/2025,Journal Entry,Wire Transfer Balance,$1375.00,$54082.39
9/29/2025,Contractor Payment,Payment for Ufredo Barahona,-$1100.00,$52982.39
9/29/2025,Customer Invoice Payment,Payment for Residential Excavating LLC (Invoice #1353),$850.00,$53832.39
9/29/2025,Customer Invoice Payment,Payment for Residential Excavating LLC (Invoice #1448),$550.00,$54382.39
9/29/2025,Customer Invoice Payment,Payment for Residential Excavating LLC (Invoice #1348),$2000.00,$56382.39
9/29/2025,Imported Transaction,Legends Bank - Personal PAYPAL INST XFER,-$37.77,$56344.62
9/29/2025,Imported Transaction,Legends Bank - Personal STEFFANIE QUIBETE IAT PAYPAL WEB000000000000086200 AB CIVIL CONSULTING LLC,-$862.00,$55482.62
9/29/2025,Imported Transaction,Legends Bank - Personal MOBILE TRANSFER FROM CHK 7131 TO CHK 2803 7043454,-$2000.00,$53482.62
9/30/2025,Contractor Payment,Payment for Ufredo Barahona,-$3180.00,$50302.62
9/30/2025,Customer Invoice Payment,Payment for Sunny Creek Enterprise LLC (Invoice #1464),$1100.00,$51402.62
9/30/2025,Imported Transaction,Legends Bank - Personal UPWORK ESCROW IN EDI PYMNTS,-$61.97,$51340.65
9/30/2025,Imported Transaction,Legends Bank - Personal CIGNA 877-484-59 8774845967,-$1081.83,$50258.82
9/30/2025,Imported Transaction,Legends Bank - Personal INTERNET TRANSFER FROM CHK XXXXX131 TO CHK XXXXX142 8630755,-$300.00,$49958.82
9/30/2025,Journal Entry,Stripe Fees,-$32.20,$49926.62
9/30/2025,Journal Entry,Stripe Fees,-$99.50,$49827.12
9/30/2025,Imported Transaction,Legends Bank - Personal INTUIT FINANCING QBC_PMTS,-$1833.77,$47993.35
10/1/2025,Imported Transaction,Legends Bank - Personal IRS USATAXPYMT,-$4233.21,$43760.14
10/1/2025,Imported Transaction,Legends Bank - Personal APPLECARD GSBANK PAYMENT,-$52.82,$43707.32
10/2/2025,Imported Transaction,Legends Bank - Personal EFT NETWORK BILLING,-$10.00,$43697.32
10/2/2025,Imported Transaction,Legends Bank - Personal MER BK. MTHLY DISC,-$35.00,$43662.32
10/2/2025,Imported Transaction,Legends Bank - Personal INTUIT FINANCING QBC_PMTS,-$917.90,$42744.42
10/3/2025,Customer Invoice Payment,Payment for Earthwork Tech (Invoice #1465),$1250.00,$43994.42
10/3/2025,Customer Invoice Payment,Payment for Kwest Group (Invoice #1362),$1500.00,$45494.42
10/3/2025,Customer Invoice Payment,Payment for Kwest Group (Invoice #1360),$5125.00,$50619.42
10/3/2025,Customer Invoice Payment,Payment for Kwest Group (Invoice #1391),$4375.00,$54994.42
10/3/2025,Customer Invoice Payment,Payment for Kwest Group (Invoice #1361),$1875.00,$56869.42
10/3/2025,Customer Invoice Payment,Payment for Kwest Group (Invoice #1355),$650.00,$57519.42
10/3/2025,Customer Invoice Payment,Payment for Kwest Group (Invoice #1379),$3125.00,$60644.42
10/3/2025,Customer Invoice Payment,Payment for Kwest Group (Invoice #1420),$2250.00,$62894.42
10/3/2025,Imported Transaction,Legends Bank - Personal STRIPE TRANSFER,-$10.95,$62883.47
10/3/2025,Journal Entry,Stripe Fees,-$36.55,$62846.92
10/3/2025,Payroll,Direct Deposit Net Pay,-$13881.18,$48965.74
10/6/2025,Customer Invoice Payment,Payment for AJ Oleson Construction (Invoice #1472),$750.00,$49715.74
10/6/2025,Imported Transaction,Legends Bank - Personal THE HARTFORD INSPMTCL,-$509.80,$49205.94
10/6/2025,Journal Entry,Stripe Fees,-$22.05,$49183.89
10/6/2025,Imported Transaction,Legends Bank - Personal INTUIT FINANCING QBC_PMTS,-$917.70,$48266.19
10/7/2025,Customer Invoice Payment,Payment for Earthtech Developers (Invoice #1471),$2060.00,$50326.19
10/7/2025,Customer Invoice Payment,Payment for Premier Property Services (Invoice #1305),$850.00,$51176.19
10/7/2025,Customer Invoice Payment,Payment for Premier Property Services (Invoice #1386),$850.00,$52026.19
10/7/2025,Customer Invoice Payment,Payment for Premier Property Services (Invoice #1435),$1125.00,$53151.19
10/7/2025,Customer Invoice Payment,Payment #020784 for Abrams Group Construction (Invoice #1450),$2090.00,$55241.19
10/7/2025,Customer Invoice Payment,Payment #149696 for The L.C. Whitford Co. Inc (Invoice #1380),$875.00,$56116.19
10/7/2025,Customer Invoice Payment,Payment #2421 for Doganiero Construction (Invoice #1344),$1625.00,$57741.19
10/7/2025,Customer Invoice Payment,Payment #2421 for Doganiero Construction (Invoice #1378),$5000.00,$62741.19
10/7/2025,Customer Invoice Payment,Payment #2421 for Doganiero Construction (Invoice #1338),$875.00,$63616.19
10/7/2025,Customer Invoice Payment,Payment #4065 for Shawn Malone Excavating (Invoice #1388),$450.00,$64066.19
10/7/2025,Customer Invoice Payment,Payment #23782 for Robert C. Young (Invoice #1451),$450.00,$64516.19
10/7/2025,Customer Invoice Payment,Payment #21652 for Litman Excavating (Invoice #1409),$875.00,$65391.19
10/7/2025,Customer Invoice Payment,Payment #21652 for Litman Excavating (Invoice #1419),$1250.00,$66641.19
10/7/2025,Customer Invoice Payment,Payment #21652 for Litman Excavating (Invoice #1418),$750.00,$67391.19
10/7/2025,Customer Invoice Payment,Payment #21652 for Litman Excavating (Invoice #1417),$875.00,$68266.19
10/7/2025,Customer Invoice Payment,Payment #4500170719 for APAC-Alabama Inc. (Invoice #1356),$450.00,$68716.19
10/7/2025,Imported Transaction,Legends Bank - Personal GATEWAY SERVICES WEBPAYMENT,-$20.00,$68696.19
10/7/2025,Customer Invoice Payment,Payment #21652 for Litman Excavating (Invoice #1438),$875.00,$69571.19
10/7/2025,Customer Invoice Payment,Payment #4500170719 for APAC-Alabama Inc. (Invoice #1459),$450.00,$70021.19
10/7/2025,Journal Entry,Stripe Fees,-$60.04,$69961.15
10/7/2025,Journal Entry,Stripe Fees,-$24.95,$69936.20
10/7/2025,Journal Entry,Stripe Fees,-$117.05,$69819.15
10/7/2025,Void Customer Invoice Payment,Payment #21652 for Litman Excavating (Invoice #1419),-$1250.00,$68569.15
10/7/2025,Void Customer Invoice Payment,Payment #21652 for Litman Excavating (Invoice #1418),-$750.00,$67819.15
10/7/2025,Void Customer Invoice Payment,Payment #21652 for Litman Excavating (Invoice #1409),-$875.00,$66944.15
10/7/2025,Void Customer Invoice Payment,Payment #21652 for Litman Excavating (Invoice #1417),-$875.00,$66069.15
10/7/2025,Customer Invoice Payment,Payment #21652 for Litman Excavating (Invoice #1419),$1250.00,$67319.15
10/7/2025,Customer Invoice Payment,Payment #21652 for Litman Excavating (Invoice #1409),$875.00,$68194.15
10/7/2025,Customer Invoice Payment,Payment #21652 for Litman Excavating (Invoice #1418),$750.00,$68944.15
10/7/2025,Void Customer Invoice Payment,Payment #4500170719 for APAC-Alabama Inc. (Invoice #1459),-$450.00,$68494.15
10/8/2025,Contractor Payment,Payment for Ufredo Barahona,-$14600.00,$53894.15
10/8/2025,Customer Invoice Payment,Payment for Pay Dirt (Invoice #1470),$2030.00,$55924.15
10/8/2025,Imported Transaction,Legends Bank - Personal KANSAS PAYMENT SUPPORT,-$205.38,$55718.77
10/9/2025,Imported Transaction,Legends Bank - Personal STEFFANIE QUIBETE IAT PAYPAL WEB000000000000109725 AB CIVIL CONSULTING LLC,-$1097.25,$54621.52
10/10/2025,Contractor Payment,Payment for Ufredo Barahona,-$8200.00,$46421.52
10/10/2025,Customer Invoice Payment,Payment #83305 for Slate Hill Constructors Inc (Invoice #1456),$1380.00,$47801.52
10/10/2025,Customer Invoice Payment,Payment #10520 for Watson Excavating (Invoice #1453),$1260.00,$49061.52
10/10/2025,Customer Invoice Payment,Payment #10520 for Watson Excavating (Invoice #1447),$1750.00,$50811.52
10/10/2025,Imported Transaction,Legends Bank - Personal INTERNET TRANSFER FROM CHK XXXXX131 TO CHK XXXXX803 4794757,-$2500.00,$48311.52
10/10/2025,Imported Transaction,Legends Bank - Personal MOBILE TRANSFER FROM CHK 7131 TO CHK 2803 9217820,-$2000.00,$46311.52
10/10/2025,Imported Transaction,Legends Bank - Personal NEWLANE AUTH PAYME,-$611.73,$45699.79
10/10/2025,Imported Transaction,Legends Bank - Personal Verizon Wireless,-$369.71,$45330.08
10/10/2025,Customer Invoice Payment,Payment #12679 for Abscope Enviornmental (Invoice #1439),$1260.00,$46590.08
10/15/2025,Imported Transaction,Legends Bank - Personal SBA EIDL LOAN PAYMENT 3015519102,-$356.00,$46234.08
10/15/2025,Imported Transaction,Legends Bank - Personal CarMax,-$1050.82,$45183.26
10/16/2025,Imported Transaction,Legends Bank - Personal IRS USATAXPYMT,-$4254.20,$40929.06
10/17/2025,Contractor Payment,Payment for Ufredo Barahona,-$3000.00,$37929.06
10/17/2025,Contractor Payment,Payment for Ufredo Barahona,-$900.00,$37029.06
10/17/2025,Payroll,Direct Deposit Net Pay,-$60.00,$36969.06
10/17/2025,Payroll,Direct Deposit Net Pay,-$13242.74,$23726.32
10/20/2025,Customer Invoice Payment,Payment #14634 for Diehl Development Inc. (Invoice #1467),$1250.00,$24976.32
10/20/2025,Customer Invoice Payment,Payment #6107 for Firethorn Inc (Invoice #1342),$350.00,$25326.32
10/20/2025,Customer Invoice Payment,Payment #6107 for Firethorn Inc (Invoice #1335),$4660.00,$29986.32
10/20/2025,Customer Invoice Payment,Payment #032702 for Apex Construction Tech (Invoice #1334),$1200.00,$31186.32
10/20/2025,Imported Transaction,Legends Bank - Personal AMEX EPAYMENT ACH PMT,-$6174.85,$25011.47
10/20/2025,Imported Transaction,Legends Bank - Personal MOBILE TRANSFER FROM CHK 7131 TO CHK 2803 7360482,-$3000.00,$22011.47
10/20/2025,Customer Invoice Payment,Payment for Fessler & Bowman Inc. (Invoice #1390),$2880.00,$24891.47
10/20/2025,Customer Invoice Payment,Payment #024579 for Central Site Development (Invoice #1421),$3900.00,$28791.47
10/20/2025,Journal Entry,Reversal of Duplicate Entry for AMEX Payment,$6174.85,$34966.32
10/20/2025,Void Imported Transaction,Legends Bank - Personal AMEX EPAYMENT ACH PMT,$6174.85,$41141.17
10/20/2025,Void Journal Entry,Reversal of Duplicate Entry for AMEX Payment,-$6174.85,$34966.32
10/20/2025,Journal Entry,AMEX Payment  Correction,-$6174.85,$28791.47
10/21/2025,Customer Invoice Payment,Payment #1213911 for Pike Construction (Invoice #1458),$450.00,$29241.47
10/21/2025,Imported Transaction,Legends Bank - Personal INTUIT FINANCING QBC_PMTS,-$917.71,$28323.76
10/22/2025,Imported Transaction,Legends Bank - Personal KANSAS PAYMENT SUPPORT,-$205.38,$28118.38
10/22/2025,Imported Transaction,Legends Bank - Personal STEFFANIE QUIBETE IAT PAYPAL WEB000000000000075500 AB CIVIL CONSULTING LLC,-$755.00,$27363.38
10/23/2025,Imported Transaction,Legends Bank - Personal MOBILE TRANSFER FROM CHK 7131 TO CHK 2803 9512320,-$3000.00,$24363.38
10/23/2025,Imported Transaction,Legends Bank - Personal STEFFANIE QUIBETE IAT PAYPAL WEB000000000000100499 AB CIVIL CONSULTING LLC,-$1004.99,$23358.39
10/23/2025,Imported Transaction,Legends Bank - Personal INTUIT FINANCING QBC_PMTS,-$209.54,$23148.85
10/23/2025,Imported Transaction,Legends Bank - Personal INTUIT FINANCING QBC_PMTS,-$114.38,$23034.47
10/23/2025,Imported Transaction,Legends Bank - Personal INTUIT FINANCING QBC_PMTS,-$172.94,$22861.53
10/23/2025,Imported Transaction,Legends Bank - Personal INTUIT FINANCING QBC_PMTS,-$172.94,$22688.59
10/23/2025,Imported Transaction,Legends Bank - Personal INTUIT FINANCING QBC_PMTS,-$102.94,$22585.65
10/23/2025,Imported Transaction,Legends Bank - Personal INTUIT FINANCING QBC_PMTS,-$183.00,$22402.65
10/23/2025,Imported Transaction,Legends Bank - Personal INTUIT FINANCING QBC_PMTS,-$328.49,$22074.16
10/23/2025,Imported Transaction,Legends Bank - Personal INTUIT FINANCING QBC_PMTS,-$227.84,$21846.32
10/23/2025,Imported Transaction,Legends Bank - Personal INTUIT FINANCING QBC_PMTS,-$181.17,$21665.15
10/27/2025,Customer Invoice Payment,Payment for Double A (Invoice #1422),$1260.00,$22925.15
10/27/2025,Imported Transaction,Legends Bank - Personal IRS USATAXPYMT,-$4016.02,$18909.13
10/27/2025,Journal Entry,Stripe Fees,-$36.84,$18872.29
10/28/2025,Customer Invoice Payment,Payment for AB Civil Consulting of NC PLLC (Invoice #1408),$2450.00,$21322.29
10/28/2025,Customer Invoice Payment,Payment for AB Civil Consulting of NC PLLC (Invoice #1402),$1487.00,$22809.29
10/28/2025,Customer Invoice Payment,Payment for AB Civil Consulting of NC PLLC (Invoice #1502),$810.00,$23619.29
10/28/2025,Customer Invoice Payment,Payment for AB Civil Consulting of NC PLLC (Invoice #1503),$4970.00,$28589.29
10/28/2025,Customer Invoice Payment,Payment for AB Civil Consulting of NC PLLC (Invoice #1501),$250.00,$28839.29
10/28/2025,Customer Invoice Payment,Payment for AB Civil Consulting of NC PLLC (Invoice #1413),$4120.00,$32959.29
10/28/2025,Customer Invoice Payment,Payment for AB Civil Consulting of NC PLLC (Invoice #1401),$1828.00,$34787.29
10/28/2025,Customer Invoice Payment,Payment for AB Civil Consulting of NC PLLC (Invoice #1505),$2890.00,$37677.29
10/28/2025,Customer Invoice Payment,Payment for AB Civil Consulting of NC PLLC (Invoice #1504),$1060.00,$38737.29
10/28/2025,Customer Invoice Payment,Payment for AB Civil Consulting of NC PLLC (Invoice #1506),$580.00,$39317.29
10/28/2025,Imported Transaction,Legends Bank - Personal INTERNET TRANSFER FROM CHK XXXXX131 TO CHK XXXXX073 6783361,-$1400.00,$37917.29
10/28/2025,Imported Transaction,Legends Bank - Personal KYGOV KYEMPLOYMT,-$125.15,$37792.14
10/28/2025,Imported Transaction,Legends Bank - Personal MYFAMLI CDLE FAMLI,-$38.53,$37753.61
10/28/2025,Journal Entry,Money Transfer: Payment from Arrowhead Contractors transferred to 7131 for Takeoff Income,$1500.00,$39253.61
10/29/2025,Customer Invoice Payment,Payment #23880 for Robert C. Young (Invoice #1487),$850.00,$40103.61
10/29/2025,Customer Invoice Payment,Payment #6309 for SITECH Chesapeake LLC (Invoice #1461),$1350.00,$41453.61
10/29/2025,Customer Invoice Payment,Payment #6309 for SITECH Chesapeake LLC (Invoice #1475),$1200.00,$42653.61
10/29/2025,Customer Invoice Payment,Payment #5253 for Central Florida Site Pros Inc (Invoice #1329),$1530.00,$44183.61
10/29/2025,Customer Invoice Payment,Payment #5253 for Central Florida Site Pros Inc (Invoice #1317),$1900.00,$46083.61
10/29/2025,Customer Invoice Payment,Payment #21844 for Litman Excavating (Invoice #1442),$875.00,$46958.61
10/29/2025,Customer Invoice Payment,Payment #21844 for Litman Excavating (Invoice #1441),$875.00,$47833.61
10/29/2025,Customer Invoice Payment,Payment #21844 for Litman Excavating (Invoice #1443),$875.00,$48708.61
10/29/2025,Customer Invoice Payment,Payment #21794 for Litman Excavating (Invoice #1430),$320.00,$49028.61
10/29/2025,Customer Invoice Payment,Payment #1864 for Gude LLC (Invoice #1469),$2430.00,$51458.61
10/29/2025,Customer Invoice Payment,Payment #10576 for Watson Excavating (Invoice #1482),$2400.00,$53858.61
10/29/2025,Imported Transaction,Legends Bank - Personal PAYPAL INST XFER,-$37.77,$53820.84
10/30/2025,Imported Transaction,Legends Bank - Personal MOBILE TRANSFER FROM CHK 7131 TO CHK 2803 8550927,-$2000.00,$51820.84
10/31/2025,Imported Transaction,Legends Bank - Personal CIGNA 877-484-59 8774845967,-$1081.83,$50739.01
10/31/2025,Imported Transaction,Legends Bank - Personal INTERNET TRANSFER FROM CHK XXXXX131 TO CHK XXXXX142 8630755,-$300.00,$50439.01
10/31/2025,Imported Transaction,Legends Bank - Personal STATE OF MONTANA MT TAX PMT,-$69.00,$50370.01
10/31/2025,Imported Transaction,Legends Bank - Personal INTUIT FINANCING QBC_PMTS,-$1833.77,$48536.24
10/31/2025,Payroll,Direct Deposit Net Pay,-$12667.98,$35868.26
11/3/2025,Contractor Payment,Payment for Ufredo Barahona,-$4540.00,$31328.26
11/3/2025,Imported Transaction,Legends Bank - Personal STATE OF MONTANA UIT PMT TXP 2113212 IIT 62,-$62.29,$31265.97
11/3/2025,Imported Transaction,Legends Bank - Personal MER BK. MTHLY DISC,-$35.00,$31230.97
11/3/2025,Imported Transaction,Legends Bank - Personal STEFFANIE QUIBETE IAT PAYPAL WEB000000000000002801 AB CIVIL CONSULTING LLC,-$28.01,$31202.96
11/3/2025,Imported Transaction,Legends Bank - Personal STATE OF TN BALANCEDUE,-$3.91,$31199.05
11/3/2025,Imported Transaction,Legends Bank - Personal APPLECARD GSBANK PAYMENT,-$52.82,$31146.23
11/3/2025,Imported Transaction,Legends Bank - Personal STEFFANIE QUIBETE IAT PAYPAL WEB000000000000120575 AB CIVIL CONSULTING LLC,-$1205.75,$29940.48
11/3/2025,Imported Transaction,Legends Bank - Personal STRIPE TRANSFER,-$10.95,$29929.53
11/3/2025,Imported Transaction,Legends Bank - Personal SC DEPT REVENUE DEBIT,-$1187.36,$28742.17
11/3/2025,Imported Transaction,Legends Bank - Personal KENTUCKY DORIS KY TAX PMT,-$774.84,$27967.33
11/3/2025,Imported Transaction,Legends Bank - Personal THOMPSON MACHINE BT1031,-$6766.08,$21201.25
11/4/2025,Customer Invoice Payment,Payment for Consolidated Land Services Inc. (Invoice #1498),$1250.00,$22451.25
11/4/2025,Customer Invoice Payment,Payment for Consolidated Land Services Inc. (Invoice #1489),$1250.00,$23701.25
11/4/2025,Imported Transaction,Legends Bank - Personal EMPL SEC COMM EMPL SEC 2503363599,-$21.25,$23680.00
11/4/2025,Imported Transaction,Legends Bank - Personal HENLEY ACCOUNTIN J2696 RCUR TRN 1 CZ10000KKZWJC RMR IK HENLEY ACCOUNTING AND,-$890.00,$22790.00
11/4/2025,Imported Transaction,Legends Bank - Personal KANSAS PAYMENT SUPPORT,-$205.38,$22584.62
11/4/2025,Imported Transaction,Legends Bank - Personal OKLAHOMATAXPMTS OK TAX PMT,-$451.00,$22133.62
11/4/2025,Imported Transaction,Legends Bank - Personal CO DEPT REVENUE TAXPAYMENT,-$326.00,$21807.62
11/4/2025,Imported Transaction,Legends Bank - Personal MELVIN LUMAG IAT PAYPAL WEB000000000000017136 AB CIVIL CONSULTING LLC,-$171.36,$21636.26
11/4/2025,Journal Entry,Stripe Fees,-$73.10,$21563.16
11/4/2025,Imported Transaction,Legends Bank - Personal INTUIT FINANCING QBC_PMTS,-$917.70,$20645.46
11/4/2025,Imported Transaction,Legends Bank - Personal INTUIT FINANCING QBC_PMTS,-$917.90,$19727.56
11/5/2025,Customer Invoice Payment,Payment for Brightview Landscape Development (Invoice #1268),$2200.00,$21927.56
11/5/2025,Customer Invoice Payment,Payment #17596 for Sessler Environmental (Invoice #1455),$2040.00,$23967.56
11/5/2025,Customer Invoice Payment,Payment #000976 for Belaire Construction (Invoice #1426),$2320.00,$26287.56
11/5/2025,Customer Invoice Payment,Payment #000976 for Belaire Construction (Invoice #1436),$3120.00,$29407.56
11/5/2025,Customer Invoice Payment,Payment for Litman Excavating (Invoice #1446),$1000.00,$30407.56
11/5/2025,Imported Transaction,Legends Bank - Personal EFT NETWORK BILLING,-$10.00,$30397.56
11/5/2025,Imported Transaction,Legends Bank - Personal GATEWAY SERVICES WEBPAYMENT,-$20.00,$30377.56
11/5/2025,Customer Invoice Payment,Payment #1337 for DCI - Team (Dipasquale Construction) (Invoice #1437),$300.00,$30677.56
11/7/2025,Customer Invoice Payment,Payment for Korb Construction Services LLC (Invoice #1518),$2040.00,$32717.56
11/7/2025,Imported Transaction,Legends Bank - Personal IRS USATAXPYMT,-$3735.60,$28981.96
11/7/2025,Journal Entry,Stripe Fees,-$59.46,$28922.50
11/10/2025,Imported Transaction,Legends Bank - Personal Verizon Wireless,-$369.93,$28552.57
11/10/2025,Imported Transaction,Legends Bank - Personal NEWLANE AUTH PAYME,-$611.73,$27940.84
11/11/2025,Customer Invoice Payment,Payment for AJ Oleson Construction (Invoice #1520),$450.00,$28390.84
11/11/2025,Journal Entry,Stripe Fees,-$13.35,$28377.49
11/12/2025,Contractor Payment,Payment for Ufredo Barahona,-$2800.00,$25577.49
11/12/2025,Contractor Payment,Payment for Ufredo Barahona,-$600.00,$24977.49
11/12/2025,Customer Invoice Payment,Payment #50158 for K.P. Martin (Invoice #1463),$2040.00,$27017.49
11/12/2025,Customer Invoice Payment,Payment #571053 for SD Ireland Companies (Invoice #1384),$5450.00,$32467.49
11/12/2025,Customer Invoice Payment,Payment #2774 for Knust Excavating (Invoice #1515),$875.00,$33342.49
11/12/2025,Customer Invoice Payment,Payment #12767 for Abscope Enviornmental (Invoice #1466),$1260.00,$34602.49
11/13/2025,Customer Invoice Payment,Payment #22150 for Edwards Construction Group (Invoice #1454),$3090.00,$37692.49
11/13/2025,Customer Invoice Payment,Payment #3301 for FlowTX (Invoice #1432),$8520.00,$46212.49
11/13/2025,Customer Invoice Payment,Payment for Kwest Group (Invoice #1434),$4000.00,$50212.49
11/13/2025,Customer Invoice Payment,Payment for Kwest Group (Invoice #1431),$4125.00,$54337.49
11/13/2025,Imported Transaction,Legends Bank - Personal INTERNET TRANSFER FROM CHK XXXXX131 TO CHK XXXXX803 4794757,-$2500.00,$51837.49
11/14/2025,Customer Invoice Payment,Payment for Firethorn Inc (Invoice #1427),$4730.00,$56567.49
11/14/2025,Journal Entry,Stripe Fees,-$5.00,$56562.49
11/14/2025,Customer Invoice Payment,Payment #14203 for Terry Roberts Site Work (Invoice #1392),$3370.00,$59932.49
11/14/2025,Imported Transaction,Legends Bank - Personal Best Buy,-$220.00,$59712.49
11/14/2025,Payroll,Direct Deposit Net Pay,-$13525.09,$46187.40
11/17/2025,Customer Invoice Payment,Payment for Utility Group of Florida LLC (Invoice #1389),$2050.00,$48237.40
11/17/2025,Customer Invoice Payment,Payment for Knust Excavating (Invoice #1496),$950.00,$49187.40
11/17/2025,Customer Invoice Payment,Payment for Knust Excavating (Invoice #1497),$1250.00,$50437.40
11/17/2025,Journal Entry,Stripe Fees,-$59.75,$50377.65
11/17/2025,Imported Transaction,Legends Bank - Personal KANSAS PAYMENT SUPPORT,-$205.38,$50172.27
11/17/2025,Imported Transaction,Legends Bank - Personal MOBILE TRANSFER FROM CHK 7131 TO CHK 2142 3642627,-$1000.00,$49172.27
11/17/2025,Imported Transaction,Legends Bank - Personal SBA EIDL LOAN PAYMENT 3015519102,-$356.00,$48816.27
11/17/2025,Imported Transaction,Legends Bank - Personal PAYPAL INST XFER,-$120.00,$48696.27
11/17/2025,Imported Transaction,Legends Bank - Personal CarMax,-$1050.82,$47645.45
11/18/2025,Contractor Payment,Payment for Ufredo Barahona,-$6600.00,$41045.45
11/18/2025,Customer Invoice Payment,Payment #1143 for DGPS Land Development Construction (Invoice #1359),$3340.00,$44385.45
11/18/2025,Customer Invoice Payment,Payment #1143 for DGPS Land Development Construction (Invoice #1393),$1700.00,$46085.45
11/18/2025,Customer Invoice Payment,Payment #14221 for Terry Roberts Site Work (Invoice #1457),$3550.00,$49635.45
11/18/2025,Customer Invoice Payment,Payment #14221 for Terry Roberts Site Work (Invoice #1440),$250.00,$49885.45
11/18/2025,Customer Invoice Payment,Payment for AB Civil Consulting of NC PLLC (Invoice #1445),$3800.00,$53685.45
11/18/2025,Journal Entry,Transfer of monies to pay Ufredo from BOR,$5560.00,$59245.45
11/18/2025,Imported Transaction,Legends Bank - Personal AMEX EPAYMENT ACH PMT,-$4605.74,$54639.71
11/18/2025,Imported Transaction,Legends Bank - Personal STEFFANIE QUIBETE IAT PAYPAL WEB000000000000168513 AB CIVIL CONSULTING LLC,-$1685.13,$52954.58
11/18/2025,Imported Transaction,Legends Bank - Personal MELVIN LUMAG IAT PAYPAL WEB000000000000018612 AB CIVIL CONSULTING LLC,-$186.12,$52768.46
11/18/2025,Customer Invoice Payment,Payment for AB Civil Consulting of NC PLLC (Invoice #1508),$1660.00,$54428.46
11/18/2025,Customer Invoice Payment,Payment for AB Civil Consulting of NC PLLC (Invoice #1510),$1910.00,$56338.46
11/18/2025,Customer Invoice Payment,Payment for AB Civil Consulting of NC PLLC (Invoice #1509),$1320.00,$57658.46
11/18/2025,Journal Entry,Wire transfer from BOR to 7131,$3360.00,$61018.46
11/20/2025,Imported Transaction,Legends Bank - Personal IRS USATAXPYMT,-$4031.30,$56987.16
11/20/2025,Imported Transaction,Legends Bank - Personal MOBILE TRANSFER FROM CHK 7131 TO CHK 2803 6774126,-$3000.00,$53987.16
11/20/2025,Imported Transaction,Legends Bank - Personal PAYPAL INST XFER,-$821.25,$53165.91
11/20/2025,Imported Transaction,Legends Bank - Personal INTUIT FINANCING QBC_PMTS,-$917.71,$52248.20
11/21/2025,Imported Transaction,Legends Bank - Personal PAYPAL INST XFER,-$120.00,$52128.20
11/21/2025,Imported Transaction,Legends Bank - Personal PAYPAL INST XFER,-$750.00,$51378.20
11/24/2025,Customer Invoice Payment,Payment for Firethorn Inc (Invoice #1460),$430.00,$51808.20
11/24/2025,Journal Entry,Stripe Fees,-$3.44,$51804.76
11/25/2025,Contractor Payment,Payment for Ufredo Barahona,-$6000.00,$45804.76
11/25/2025,Imported Transaction,Legends Bank - Personal PAYPAL INST XFER,-$21.85,$45782.91
11/25/2025,Imported Transaction,Legends Bank - Personal INTUIT FINANCING QBC_PMTS,-$209.52,$45573.39
11/25/2025,Imported Transaction,Legends Bank - Personal INTUIT FINANCING QBC_PMTS,-$114.33,$45459.06
11/25/2025,Imported Transaction,Legends Bank - Personal INTUIT FINANCING QBC_PMTS,-$172.92,$45286.14
11/25/2025,Imported Transaction,Legends Bank - Personal INTUIT FINANCING QBC_PMTS,-$102.94,$45183.20
11/25/2025,Imported Transaction,Legends Bank - Personal INTUIT FINANCING QBC_PMTS,-$183.00,$45000.20
11/25/2025,Imported Transaction,Legends Bank - Personal INTUIT FINANCING QBC_PMTS,-$328.49,$44671.71
11/25/2025,Imported Transaction,Legends Bank - Personal INTUIT FINANCING QBC_PMTS,-$227.82,$44443.89
11/25/2025,Imported Transaction,Legends Bank - Personal INTUIT FINANCING QBC_PMTS,-$181.17,$44262.72
11/25/2025,Imported Transaction,Legends Bank - Personal INTUIT FINANCING QBC_PMTS,-$172.92,$44089.80
11/26/2025,Customer Invoice Payment,Payment for Kwest Group (Invoice #1484),$3750.00,$47839.80
11/26/2025,Customer Invoice Payment,Payment for Kwest Group (Invoice #1474),$650.00,$48489.80
11/26/2025,Customer Invoice Payment,Payment for Kwest Group (Invoice #1483),$4375.00,$52864.80
11/26/2025,Customer Invoice Payment,Payment #6690 for Ben Kauser Excavating LLC (Invoice #1429),$875.00,$53739.80
11/26/2025,Customer Invoice Payment,Payment #008121 for Mitch Brown Construction Inc (Invoice #1495),$450.00,$54189.80
11/26/2025,Customer Invoice Payment,Payment #4102 for Shawn Malone Excavating (Invoice #1478),$1200.00,$55389.80
11/26/2025,Customer Invoice Payment,Payment #12934 for Abscope Enviornmental (Invoice #1513),$1260.00,$56649.80
11/26/2025,Customer Invoice Payment,Payment #4500171685 for APAC-Alabama Inc. (Invoice #1459),$450.00,$57099.80
11/28/2025,Imported Transaction,Legends Bank - Personal INTERNET TRANSFER FROM CHK XXXXX131 TO CHK XXXXX073 6783361,-$1400.00,$55699.80
11/28/2025,Imported Transaction,Legends Bank - Personal INTERNET TRANSFER FROM CHK XXXXX131 TO CHK XXXXX142 8630755,-$300.00,$55399.80
11/28/2025,Payroll,Direct Deposit Net Pay,-$13701.43,$41698.37
12/1/2025,Contractor Payment,Payment for Ufredo Barahona,-$6500.00,$35198.37
12/1/2025,Customer Invoice Payment,Payment #6944 for Cole Contracting (Invoice #1477),$1450.00,$36648.37
12/1/2025,Customer Invoice Payment,Payment #6944 for Cole Contracting (Invoice #1476),$1375.00,$38023.37
12/1/2025,Customer Invoice Payment,Payment #6706 for Ben Kauser Excavating LLC (Invoice #1521),$650.00,$38673.37
12/1/2025,Customer Invoice Payment,Payment #14236 for Terry Roberts Site Work (Invoice #1423),$650.00,$39323.37
12/1/2025,Customer Invoice Payment,Payment #3083 for June Engineering Consultants (Invoice #1530),$6390.00,$45713.37
12/1/2025,Customer Invoice Payment,Payment for Precision Site Development LLC (Invoice #1525),$3120.00,$48833.37
12/1/2025,Customer Invoice Payment,Payment for Central Florida Site Pros Inc (Invoice #1491),$2990.00,$51823.37
12/1/2025,Imported Transaction,Legends Bank - Personal APPLECARD GSBANK PAYMENT,-$53.14,$51770.23
12/1/2025,Imported Transaction,Legends Bank - Personal CIGNA 877-484-59 8774845967,-$1081.83,$50688.40
12/1/2025,Imported Transaction,Legends Bank - Personal MOBILE TRANSFER FROM CHK 7131 TO CHK 2803 1236301,-$4000.00,$46688.40
12/1/2025,Imported Transaction,Legends Bank - Personal PAYPAL INST XFER,-$37.77,$46650.63
12/1/2025,Imported Transaction,Legends Bank - Personal FIRST INSURANCE INSURANCE,-$708.45,$45942.18
12/2/2025,Imported Transaction,Legends Bank - Personal MER BK. MTHLY DISC,-$35.00,$45907.18
12/2/2025,Imported Transaction,Legends Bank - Personal INTUIT FINANCING QBC_PMTS,-$1833.77,$44073.41
12/2/2025,Imported Transaction,Legends Bank - Personal INTUIT FINANCING QBC_PMTS,-$917.90,$43155.51
12/2/2025,Imported Transaction,Legends Bank - Personal WISE INC WISE,-$186.38,$42969.13
12/2/2025,Imported Transaction,Legends Bank - Personal WISE INC WISE,-$1245.11,$41724.02
12/2/2025,Imported Transaction,Legends Bank - Personal KANSAS PAYMENT SUPPORT,-$205.38,$41518.64
12/3/2025,Customer Invoice Payment,Payment for Kwest Group (Invoice #1516),$2375.00,$43893.64
12/3/2025,Imported Transaction,Legends Bank - Personal EFT NETWORK BILLING,-$10.00,$43883.64
12/3/2025,Imported Transaction,Legends Bank - Personal STRIPE TRANSFER,-$14.24,$43869.40
12/4/2025,Imported Transaction,Legends Bank - Personal HENLEY ACCOUNTIN J2726 OOFF TRN 1 CZ10000LHDV2C RMR IK HENLEY ACCOUNTING AND,-$550.00,$43319.40
12/4/2025,Imported Transaction,Legends Bank - Personal INTUIT FINANCING QBC_PMTS,-$917.70,$42401.70
12/5/2025,Contractor Payment,Payment for Ufredo Barahona,-$2950.00,$39451.70
12/5/2025,Customer Invoice Payment,Payment for Kingsley Constructors (Invoice #1494),$3850.00,$43301.70
12/5/2025,Customer Invoice Payment,Payment for AB Civil Consulting of NC PLLC (Invoice #1563),$3000.00,$46301.70
12/5/2025,Customer Invoice Payment,Payment for AB Civil Consulting of NC PLLC (Invoice #1562),$640.00,$46941.70
12/5/2025,Customer Invoice Payment,Payment for AB Civil Consulting of NC PLLC (Invoice #1561),$1400.00,$48341.70
12/5/2025,Customer Invoice Payment,Payment for AB Civil Consulting of NC PLLC (Invoice #1560),$1310.00,$49651.70
12/5/2025,Imported Transaction,Legends Bank - Personal GATEWAY SERVICES WEBPAYMENT,-$20.00,$49631.70
12/5/2025,Imported Transaction,Legends Bank - Personal IRS USATAXPYMT,-$4156.22,$45475.48
12/6/2025,Customer Invoice Payment,Payment for Residential Excavating LLC (Invoice #1571),$1260.00,$46735.48
12/6/2025,Journal Entry,Stripe Fees,-$36.84,$46698.64
12/10/2025,Customer Invoice Payment,Payment for Kwest Group (Invoice #1485),$2250.00,$48948.64
12/10/2025,Customer Invoice Payment,Payment for Utility Group of Florida LLC (Invoice #1452),$2900.00,$51848.64
12/10/2025,Journal Entry,Stripe Fees,-$84.40,$51764.24
12/10/2025,Imported Transaction,Legends Bank - Personal NEWLANE AUTH PAYME,-$611.73,$51152.51
12/10/2025,Imported Transaction,Legends Bank - Personal Verizon Wireless,-$520.83,$50631.68
12/12/2025,Contractor Payment,Payment for Ufredo Barahona,-$3700.00,$46931.68
12/12/2025,Customer Invoice Payment,Payment #021030 for Abrams Group Construction (Invoice #1538),$1250.00,$48181.68
12/12/2025,Customer Invoice Payment,Payment #5390 for Central Florida Site Pros Inc (Invoice #1468),$900.00,$49081.68
12/12/2025,Imported Transaction,Legends Bank - Personal PAYPAL INST XFER,-$420.00,$48661.68
12/12/2025,Imported Transaction,Legends Bank - Personal INTERNET TRANSFER FROM CHK XXXXX131 TO CHK XXXXX803 4794757,-$2500.00,$46161.68
12/12/2025,Customer Invoice Payment,Payment #22083 for Litman Excavating (Invoice #1499),$1000.00,$47161.68
12/12/2025,Payroll,Direct Deposit Net Pay,-$13513.76,$33647.92
12/15/2025,Imported Transaction,Legends Bank - Personal AMEX EPAYMENT ACH PMT,-$7497.72,$26150.20
12/15/2025,Imported Transaction,Legends Bank - Personal KANSAS PAYMENT SUPPORT,-$205.38,$25944.82
12/15/2025,Imported Transaction,Legends Bank - Personal SBA EIDL LOAN PAYMENT 3015519102,-$356.00,$25588.82
12/15/2025,Imported Transaction,Legends Bank - Personal Best Buy,-$220.00,$25368.82
12/15/2025,Imported Transaction,Legends Bank - Personal CarMax,-$1050.82,$24318.00
12/15/2025,Imported Transaction,Legends Bank - Personal WISE INC WISE,-$1916.62,$22401.38
12/16/2025,Customer Invoice Payment,Payment #6861 for Williams Fence of C.N.Y. Inc. (Invoice #1542),$350.00,$22751.38
12/16/2025,Customer Invoice Payment,Payment #005941 for Tampa Contracting Services (Invoice #1473),$380.00,$23131.38
12/16/2025,Customer Invoice Payment,Payment #14290 for Terry Roberts Site Work (Invoice #1480),$3080.00,$26211.38
12/16/2025,Customer Invoice Payment,Payment #3422 for FlowTX (Invoice #1541),$6800.00,$33011.38
12/17/2025,Customer Invoice Payment,Payment for J. Bognar Construction (Invoice #1574),$2150.00,$35161.38
12/17/2025,Journal Entry,Stripe Fees,$5.00,$35166.38
12/17/2025,Imported Transaction,Legends Bank - Personal IRS USATAXPYMT,-$4028.65,$31137.73
12/17/2025,Imported Transaction,Legends Bank - Personal INTERNET TRANSFER FROM CHK 7131 TO CHK 2803 9320332,-$3500.00,$27637.73
12/17/2025,Imported Transaction,Legends Bank - Personal WISE INC WISE,-$304.48,$27333.25
12/17/2025,Imported Transaction,Legends Bank - Personal WISE US INC WISE,-$388.80,$26944.45
12/22/2025,Imported Transaction,Legends Bank - Personal INTUIT FINANCING QBC_PMTS,-$917.71,$26026.74
12/23/2025,Customer Invoice Payment,Payment for Gude LLC (Invoice #1555),$1500.00,$27526.74
12/23/2025,Customer Invoice Payment,Payment #6438739 for Dawson Construction (Invoice #1534),$750.00,$28276.74
12/23/2025,Customer Invoice Payment,Payment #14315 for Terry Roberts Site Work (Invoice #1462),$2950.00,$31226.74
12/23/2025,Imported Transaction,Legends Bank - Personal KANSAS PAYMENT SUPPORT,-$205.38,$31021.36
12/23/2025,Payroll,Direct Deposit Net Pay,-$2994.40,$28026.96
12/24/2025,Customer Invoice Payment,Payment for AB Civil Consulting of NC PLLC (Invoice #1577),$1400.00,$29426.96
12/24/2025,Customer Invoice Payment,Payment for AB Civil Consulting of NC PLLC (Invoice #1576),$1660.00,$31086.96
12/24/2025,Customer Invoice Payment,Payment for AB Civil Consulting of NC PLLC (Invoice #1591),$2705.00,$33791.96
12/24/2025,Customer Invoice Payment,Payment for AB Civil Consulting of NC PLLC (Invoice #1590),$2677.00,$36468.96
12/24/2025,Customer Invoice Payment,Payment #13444 for DCI - Team (Dipasquale Construction) (Invoice #1514),$350.00,$36818.96
12/24/2025,Customer Invoice Payment,Payment #2674 for Doganiero Construction (Invoice #1492),$2250.00,$39068.96
12/24/2025,Customer Invoice Payment,Payment #2674 for Doganiero Construction (Invoice #1479),$1875.00,$40943.96
12/24/2025,Imported Transaction,Legends Bank - Personal MOBILE TRANSFER FROM CHK 7131 TO CHK 2803 2136791,-$2000.00,$38943.96
12/24/2025,Imported Transaction,Legends Bank - Personal WISE INC WISE,-$100.00,$38843.96
12/24/2025,Imported Transaction,Legends Bank - Personal WISE INC WISE,-$100.00,$38743.96
12/24/2025,Imported Transaction,Legends Bank - Personal WISE INC WISE,-$350.00,$38393.96
12/24/2025,Journal Entry,Payment from Arrowhead for Ufredo,$4625.00,$43018.96
12/26/2025,Journal Entry,Stripe Fees,-$43.80,$42975.16
12/26/2025,Payroll,Direct Deposit Net Pay,-$13131.91,$29843.25
12/29/2025,Imported Transaction,Legends Bank - Personal PAYPAL INST XFER,-$37.77,$29805.48
12/29/2025,Imported Transaction,Legends Bank - Personal INTERNET TRANSFER FROM CHK XXXXX131 TO CHK XXXXX073 6783361,-$1400.00,$28405.48
12/30/2025,Customer Invoice Payment,Payment for Firethorn Inc (Invoice #1512),$6050.00,$34455.48
12/30/2025,Journal Entry,Stripe Fees,-$5.00,$34450.48
12/30/2025,Imported Transaction,Legends Bank - Personal WISE INC WISE,-$282.26,$34168.22
12/30/2025,Imported Transaction,Legends Bank - Personal WISE INC WISE,-$418.79,$33749.43
12/30/2025,Imported Transaction,Legends Bank - Personal WISE INC WISE,-$1529.98,$32219.45
12/30/2025,Imported Transaction,Legends Bank - Personal PAYMENT ESCROW I EDI PYMNTS,-$123.94,$32095.51
12/31/2025,Customer Invoice Payment,Payment for Premier Property Services (Invoice #1527),$1500.00,$33595.51
12/31/2025,Imported Transaction,Legends Bank - Personal STOP PAYMENT FEE,-$20.00,$33575.51
12/31/2025,Imported Transaction,Legends Bank - Personal INTERNET TRANSFER FROM CHK XXXXX131 TO CHK XXXXX142 8630755,-$300.00,$33275.51
12/31/2025,Imported Transaction,Legends Bank - Personal INTUIT FINANCING QBC_PMTS,-$1833.77,$31441.74
12/31/2025,Imported Transaction,Legends Bank - Personal IRS USATAXPYMT,-$3911.05,$27530.69
1/2/2026,Customer Invoice Payment,Payment #13083 for Abscope Enviornmental (Invoice #1566),$370.00,$27900.69
1/2/2026,Customer Invoice Payment,Payment #10836 for Watson Excavating (Invoice #1586),$1390.00,$29290.69
1/2/2026,Customer Invoice Payment,Payment #00050853 for Remedial Transportation Service Inc. (Invoice #1543),$3350.00,$32640.69
1/2/2026,Customer Invoice Payment,Payment #13048 for Abscope Enviornmental (Invoice #1537),$550.00,$33190.69
1/2/2026,Imported Transaction,Legends Bank - Personal MER BK. MTHLY DISC,-$35.00,$33155.69
1/5/2026,Imported Transaction,Legends Bank - Personal THE HARTFORD INSPMTCL,-$179.00,$32976.69
1/5/2026,Imported Transaction,Legends Bank - Personal INTUIT FINANCING QBC_PMTS,-$917.90,$32058.79
1/5/2026,Imported Transaction,Legends Bank - Personal EFT NETWORK BILLING,-$10.00,$32048.79
1/6/2026,Customer Invoice Payment,Payment for AJ Oleson Construction (Invoice #1548),$2000.00,$34048.79
1/6/2026,Journal Entry,Stripe Fees,-$58.30,$33990.49
1/6/2026,Imported Transaction,Legends Bank - Personal GATEWAY SERVICES WEBPAYMENT,-$20.00,$33970.49
1/6/2026,Imported Transaction,Legends Bank - Personal INTUIT FINANCING QBC_PMTS,-$917.70,$33052.79
1/6/2026,Imported Transaction,Legends Bank - Personal MOBILE TRANSFER FROM CHK 7131 TO CHK 2803 5533266,-$2000.00,$31052.79
1/7/2026,Contractor Payment,Payment for Ufredo Barahona,-$3700.00,$27352.79
1/7/2026,Customer Invoice Payment,Payment for Kwest Group (Invoice #1572),$3250.00,$30602.79
1/7/2026,Customer Invoice Payment,Payment #5511 for Central Florida Site Pros Inc (Invoice #1493),$1260.00,$31862.79
1/8/2026,Customer Invoice Payment,Payment for J. Hodge Enterprises (Invoice #1532),$2350.00,$34212.79
1/8/2026,Imported Transaction,Legends Bank - Personal PATRIOT SOFTWARE PAYROLL,-$12779.35,$21433.44
1/9/2026,Customer Invoice Payment,Payment for Kwest Group (Invoice #1433),$2250.00,$23683.44
1/9/2026,Void Contractor Payment,Payment for Ufredo Barahona,$1800.00,$25483.44
1/9/2026,Customer Invoice Payment,Payment #13104 for Abscope Enviornmental (Invoice #1573),$1850.00,$27333.44
1/9/2026,Payroll,Direct Deposit Net Pay,-$12779.35,$14554.09
1/10/2026,Customer Invoice Payment,Payment #554 for Bear Excavating (Invoice #1575),$3410.00,$17964.09
1/10/2026,Customer Invoice Payment,Payment #554 for Bear Excavating (Invoice #1570),$1610.00,$19574.09
1/12/2026,Contractor Payment,Payment for Ufredo Barahona,-$2600.00,$16974.09
1/12/2026,Imported Transaction,Legends Bank - Personal KANSAS PAYMENT SUPPORT,-$205.38,$16768.71
1/12/2026,Imported Transaction,Legends Bank - Personal NEWLANE AUTH PAYME,-$611.73,$16156.98
1/12/2026,Imported Transaction,Legends Bank - Personal Verizon Wireless,-$374.81,$15782.17
1/13/2026,Contractor Payment,Payment for Ufredo Barahona,-$1800.00,$13982.17
1/13/2026,Imported Transaction,Legends Bank - Personal WISE INC WISE 87146789,-$342.33,$13639.84
1/13/2026,Imported Transaction,Legends Bank - Personal WISE INC WISE 87146900,-$512.92,$13126.92
1/13/2026,Imported Transaction,Legends Bank - Personal WISE INC WISE 87147018,-$1466.11,$11660.81
1/13/2026,Imported Transaction,Legends Bank - Personal INTERNET TRANSFER FROM CHK XXXXX131 TO CHK XXXXX803 4794757,-$2500.00,$9160.81
1/14/2026,Customer Invoice Payment,Payment #005980 for Tampa Contracting Services (Invoice #1531),$450.00,$9610.81
1/14/2026,Customer Invoice Payment,Payment #194259 for Sinacola (Invoice #1567),$1040.00,$10650.81
1/14/2026,Customer Invoice Payment,Payment #4500172242 for APAC-Alabama Inc. (Invoice #1517),$5570.00,$16220.81
,,TOTAL ACTIVITY,-$18324.94,
12/31/2024,,PREVIOUS BALANCE,,$34545.75

Account: Legends Bank 7073,Your balance in Patriot: $2078.20
Date,Type,Description,Amount,Balance
1/14/2025,Journal Entry,Check 1031 Madison Business Circle,-$1311.00,$1265.74
1/22/2025,Journal Entry,Internet Transfer from CHK 7131 to CHK 7073 9422862,$2500.00,$3765.74
1/22/2025,Imported Transaction,Legends Bank - Personal INTERNET TRANSFER FROM CHK 7131 TO CHK 7073 9422862,$2500.00,$6265.74
1/22/2025,Void Journal Entry,Internet Transfer from CHK 7131 to CHK 7073 9422862,-$2500.00,$3765.74
1/30/2025,Journal Entry,Intuit*QuickBooks,-$123.41,$3642.33
1/30/2025,Journal Entry,Check 1028 - Muschlitz Excavating: Refund of overdue payment on QuickBooks Invoice 10143,-$1000.00,$2642.33
2/10/2025,Imported Transaction,INTUIT * QUICKBOOKS,-$183.41,$2458.92
2/10/2025,Imported Transaction,Check 1032 - Madison Business Circle,-$1311.00,$1147.92
2/11/2025,Imported Transaction,INTERNET TRANSFER FROM CHK 7131 TO CHK 7073 7260896,$2000.00,$3147.92
2/11/2025,Imported Transaction,Check 1027 - Brightview Companies,-$2100.00,$1047.92
2/11/2025,Void Imported Transaction,INTERNET TRANSFER FROM CHK 7131 TO CHK 7073 7260896,-$2000.00,-$952.08
2/13/2025,Imported Transaction,Check 1029 - Brightview Landscape,-$1280.00,-$2232.08
2/14/2025,Imported Transaction,MOBILE TRANSFER FROM CHK 7131 TO CHK 7073 1055061,$2000.00,-$232.08
2/14/2025,Imported Transaction,(#) OVERDRAFT PAID ITEM FEE -0000001029,-$20.00,-$252.08
2/14/2025,Imported Transaction,Legends Bank - Personal MOBILE TRANSFER FROM CHK 7131 TO CHK 7073 1055061,$2000.00,$1747.92
2/14/2025,Void Imported Transaction,MOBILE TRANSFER FROM CHK 7131 TO CHK 7073 1055061,-$2000.00,-$252.08
2/14/2025,Journal Entry,Reversal of Voided Mobile Transfer,$2000.00,$1747.92
3/7/2025,Imported Transaction,Legends Bank - Personal MOBILE TRANSFER FROM CHK 7131 TO CHK 7073 9868849,$1400.00,$3147.92
3/10/2025,Imported Transaction,INTUIT * QUICKBOOKS,-$123.41,$3024.51
3/11/2025,Imported Transaction,Check 1033 - Madison Business Circle,-$1311.00,$1713.51
3/24/2025,Imported Transaction,5569 VSA PUR THE UPS STORE 3424 865-3687248 TN,-$266.29,$1447.22
3/28/2025,Journal Entry,Internet Transfer from CHK 7131 to 7073 6783361,$1400.00,$2847.22
4/8/2025,Journal Entry,Check 1034,-$1311.00,$1536.22
4/8/2025,Journal Entry,Intuit * QuickBooks,-$123.41,$1412.81
4/28/2025,Imported Transaction,Legends Bank - Personal INTERNET TRANSFER FROM CHK XXXXX131 TO CHK XXXXX073 6783361,$1400.00,$2812.81
5/2/2025,Imported Transaction,Legends Bank - Personal MOBILE TRANSFER FROM CHK 7131 TO CHK 7073 4972374,$1000.00,$3812.81
5/5/2025,Journal Entry,Check 1030: Check to APAC/H.O. Weaver - overpayment on an invoice,-$1690.00,$2122.81
5/8/2025,Imported Transaction,Legends Bank - Personal INTUIT * QUICKBOOKS,-$123.41,$1999.40
5/8/2025,Imported Transaction,Legends Bank - Personal CK # 1035,-$1311.00,$688.40
5/28/2025,Imported Transaction,Legends Bank - Personal INTERNET TRANSFER FROM CHK XXXXX131 TO CHK XXXXX073 6783361,$1400.00,$2088.40
6/9/2025,Imported Transaction,Legends Bank - Personal CK # 1036,-$1311.00,$777.40
6/9/2025,Imported Transaction,Legends Bank - Personal INTUIT * QUICKBOOKS,-$123.41,$653.99
6/27/2025,Imported Transaction,Legends Bank - Personal Venmo,-$104.00,$549.99
6/27/2025,Imported Transaction,INTERNET TRANSFER FROM CHK XXXXX131 TO CHK XXXXX073 6783361,$1400.00,$1949.99
7/8/2025,Imported Transaction,Legends Bank - Personal INTUIT * QBOOKS ONL,-$140.93,$1809.06
7/9/2025,Imported Transaction,Legends Bank - Personal INTERNET TRANSFER FROM CHK 7131 TO CHK 7073 7510180,$2500.00,$4309.06
7/10/2025,Imported Transaction,Legends Bank - Personal HEALTHEQUITY INC HEALTHEQUI,-$2500.00,$1809.06
7/11/2025,Imported Transaction,Legends Bank - Personal CK # 1037,-$1311.00,$498.06
7/28/2025,Imported Transaction,Legends Bank - Personal INTERNET TRANSFER FROM CHK XXXXX131 TO CHK XXXXX073 6783361,$1400.00,$1898.06
8/8/2025,Imported Transaction,Legends Bank - Personal INTUIT * QUICKBOOKS,-$140.93,$1757.13
8/11/2025,Imported Transaction,Legends Bank - Personal CK # 1038,-$1311.00,$446.13
8/28/2025,Imported Transaction,Legends Bank - Personal INTERNET TRANSFER FROM CHK XXXXX131 TO CHK XXXXX073 6783361,$1400.00,$1846.13
9/8/2025,Imported Transaction,Legends Bank - Personal INTUIT * QUICKBOOKS,-$140.93,$1705.20
9/11/2025,Imported Transaction,Legends Bank - Personal INTERNET TRANSFER FROM CHK 7131 TO CHK 7073 7535504,$5000.00,$6705.20
9/12/2025,Imported Transaction,Legends Bank - Personal TN STATE REVENUE TN TAP,-$3307.00,$3398.20
9/16/2025,Imported Transaction,Legends Bank - Personal TN STATE REVENUE TN TAP,-$4620.00,-$1221.80
9/17/2025,Imported Transaction,Legends Bank - Personal MOBILE TRANSFER FROM CHK 7131 TO CHK 7073 7740373,$3000.00,$1778.20
9/17/2025,Imported Transaction,Legends Bank - Personal OVERDRAFT PAID ITEM FEE TN STATE REVENUE TN TAP,-$20.00,$1758.20
9/23/2025,Journal Entry,Check 1039,-$1320.00,$438.20
9/26/2025,Imported Transaction,Legends Bank - Personal INTERNET TRANSFER FROM CHK XXXXX131 TO CHK XXXXX073 6783361,$1400.00,$1838.20
10/8/2025,Imported Transaction,Legends Bank - Personal CK # 1041,-$1320.00,$518.20
10/28/2025,Imported Transaction,Legends Bank - Personal INTERNET TRANSFER FROM CHK XXXXX131 TO CHK XXXXX073 6783361,$1400.00,$1918.20
11/10/2025,Imported Transaction,Legends Bank - Personal CK # 1040,-$1320.00,$598.20
11/28/2025,Imported Transaction,Legends Bank - Personal INTERNET TRANSFER FROM CHK XXXXX131 TO CHK XXXXX073 6783361,$1400.00,$1998.20
12/22/2025,Imported Transaction,Legends Bank - Personal CK # 1042,-$1320.00,$678.20
12/29/2025,Imported Transaction,Legends Bank - Personal INTERNET TRANSFER FROM CHK XXXXX131 TO CHK XXXXX073 6783361,$1400.00,$2078.20
,,TOTAL ACTIVITY,-$498.54,
12/31/2024,,PREVIOUS BALANCE,,$2576.74

Account: Liability AMEX Business,Your balance in Patriot: $6823.49
Date,Type,Description,Amount,Balance
1/1/2025,Imported Transaction,American Express GSUITE AB-CIVCC GOOGLE.COM,$630.21,$9229.68
1/2/2025,Imported Transaction,American Express CDE LIGHTBAND,$88.95,$9318.63
1/2/2025,Imported Transaction,American Express CDE LIGHTBAND,$2.95,$9321.58
1/2/2025,Imported Transaction,American Express GSUITE ABCIVICC GOOGLE.COM,$55.19,$9376.77
1/3/2025,Imported Transaction,American Express BLS*MONDAY COM,$78.84,$9455.61
1/4/2025,Imported Transaction,American Express BAMBOOHR HRIS,$465.38,$9920.99
1/5/2025,Imported Transaction,American Express FILLOUT.COM,$89.00,$10009.99
1/5/2025,Imported Transaction,American Express TODOIST,$288.00,$10297.99
1/5/2025,Imported Transaction,American Express AIRTABLE.COM/BILL,$420.48,$10718.47
1/6/2025,Imported Transaction,American Express ZOOM.COM 888-799-966SAN JOSE,$17.51,$10735.98
1/6/2025,Imported Transaction,Legends Bank - Personal AMEX EPAYMENT ACH PMT,-$4448.73,$6287.25
1/7/2025,Imported Transaction,American Express PIPEDRIVE INC,$124.50,$6411.75
1/7/2025,Imported Transaction,American Express LOOM SUBSCRIPTION,$120.00,$6531.75
1/7/2025,Imported Transaction,American Express OPENAI *CHATGPT SUBSSAN FRANCISCO,$98.55,$6630.30
1/9/2025,Imported Transaction,American Express SQSP* INV164625911,$12.00,$6642.30
1/9/2025,Imported Transaction,American Express PXY STARLINK INTEHAWTHORNE,$120.00,$6762.30
1/9/2025,Imported Transaction,American Express MICROSOFT MSBILL.INFO,$4.07,$6766.37
1/10/2025,Imported Transaction,American Express ORDIGO,$9.00,$6775.37
1/11/2025,Imported Transaction,American Express SLACK T017V3KGB3Q,$157.62,$6932.99
1/12/2025,Imported Transaction,American Express HOPPER HQ LIMITED BEDFORDSHIRE,$57.00,$6989.99
1/12/2025,Imported Transaction,American Express RINGCENTRAL INC,$188.39,$7178.38
1/13/2025,Imported Transaction,American Express RAINRETAIL*HABITAT FCLARKSVILLE,$49.28,$7227.66
1/14/2025,Imported Transaction,American Express AplPay PARK HAPPY LLNASHVILLE,$10.26,$7237.92
1/15/2025,Imported Transaction,American Express UPS,$26.65,$7264.57
1/15/2025,Imported Transaction,American Express CAROLINA PARKING 868WILMINGTON,$11.63,$7276.20
1/15/2025,Imported Transaction,American Express ICEDRIVE PRO SWANSEA GB,$4.99,$7281.19
1/15/2025,Imported Transaction,American Express VEED.IO BASIC LONDON GB,$50.00,$7331.19
1/16/2025,Imported Transaction,American Express WWW.MAKE.COM,$37.36,$7368.55
1/16/2025,Imported Transaction,American Express AMAZON MARKETPLACE NAMZN.COM/BILL,$1069.71,$8438.26
1/16/2025,Journal Entry,Legends Bank - AMEX EPAYMENT ACH PMT,-$4237.92,$4200.34
1/17/2025,Imported Transaction,American Express CLOUDFLARE,$10.44,$4210.78
1/17/2025,Imported Transaction,American Express MICROSOFT MSBILL.INFO,$36.79,$4247.57
1/17/2025,Imported Transaction,American Express VZWIRELESS MY VZ VE,$305.50,$4553.07
1/18/2025,Imported Transaction,American Express Verizon Wireless,$166.60,$4719.67
1/18/2025,Imported Transaction,American Express LinkedIn,$76.64,$4796.31
1/18/2025,Imported Transaction,American Express SQSP* INV165952056,$20.00,$4816.31
1/18/2025,Imported Transaction,American Express Verizon Wireless,$76.64,$4892.95
1/18/2025,Imported Transaction,American Express Verizon Wireless,$103.04,$4995.99
1/18/2025,Imported Transaction,American Express Verizon Wireless,$136.08,$5132.07
1/19/2025,Imported Transaction,American Express ON2AIR: BACKUPS,$29.99,$5162.06
1/19/2025,Imported Transaction,American Express A1010BUSD01 MSBILL.INFO,$13.34,$5175.40
1/19/2025,Imported Transaction,American Express CITRIX SYSTEMS CITRIUNITED STATES,$60.23,$5235.63
1/20/2025,Imported Transaction,American Express SPARK DUBLIN CO,$106.41,$5342.04
1/21/2025,Imported Transaction,American Express AMAZON MARKETPLACE NAMZN.COM/BILL,$30.65,$5372.69
1/22/2025,Imported Transaction,American Express EGNYTE INC 000000001MOUNTAIN VIEW,$1199.03,$6571.72
1/23/2025,Imported Transaction,American Express REV.COM,$4.50,$6576.22
1/23/2025,Imported Transaction,American Express HENLEY ACCOUNTING &,$1930.51,$8506.73
1/23/2025,Imported Transaction,American Express BITWARDEN,$76.65,$8583.38
1/23/2025,Imported Transaction,American Express NEWEGG INC. CITY OF INDUS,$208.04,$8791.42
1/24/2025,Imported Transaction,American Express AMAZON MARKETPLACE NAMZN.COM/BILL,$52.99,$8844.41
1/25/2025,Imported Transaction,American Express ROCKPILESOLUTIONS.COLOUISVILLE CO,$923.26,$9767.67
1/25/2025,Imported Transaction,American Express Dollar General,$25.02,$9792.69
1/26/2025,Imported Transaction,American Express THINKIFIC.COM VANCOUVER,$53.53,$9846.22
1/27/2025,Imported Transaction,American Express FS *TEXTEXPANDER,$10.41,$9856.63
1/28/2025,Imported Transaction,American Express Publix,$72.39,$9929.02
1/28/2025,Imported Transaction,American Express PXY NEWEGG INC. CITY OF INDUS,$109.49,$10038.51
1/28/2025,Imported Transaction,American Express PXY NEWEGG INC. CITY OF INDUS,$218.99,$10257.50
1/28/2025,Imported Transaction,American Express PXY NEWEGG INC. CITY OF INDUS,$367.62,$10625.12
1/28/2025,Imported Transaction,American Express PXY AMAZON MARKETAMZN.COM/BILL,$1154.73,$11779.85
1/29/2025,Imported Transaction,American Express USCREEN.TV,$799.00,$12578.85
1/30/2025,Imported Transaction,American Express Best Buy,$328.49,$12907.34
1/30/2025,Imported Transaction,American Express ZAPIER.COM/CHARGE,$32.91,$12940.25
1/31/2025,Imported Transaction,American Express OUTLINE,$79.00,$13019.25
1/31/2025,Imported Transaction,American Express AMAZON.COM AMZN.COM/BILL,$109.74,$13128.99
1/31/2025,Imported Transaction,American Express ADOBE Adobe Systems,$16.41,$13145.40
2/1/2025,Imported Transaction,American Express MASVIO OTTAWA,$8.00,$13153.40
2/1/2025,Imported Transaction,American Express PXY AMAZON MARKETAMZN.COM/BILL,$38.22,$13191.62
2/1/2025,Imported Transaction,American Express GSUITE_ABCIVCC@GOOGLE.COM,$55.19,$13246.81
2/1/2025,Imported Transaction,American Express PXY PATRIOT SOFTWCANTON,$12.09,$13258.90
2/2/2025,Imported Transaction,American Express GSUITE AB-CIVCC GOOGLE.COM,$449.39,$13708.29
2/2/2025,Imported Transaction,American Express Anytime Storage #3 4CLARKSVILLE,$95.00,$13803.29
2/3/2025,Imported Transaction,American Express AMAZON MARKETPLACE NAMZN.COM/BILL,$124.82,$13928.11
2/3/2025,Imported Transaction,American Express AMAZON MARKETPLACE NAMZN.COM/BILL,$175.16,$14103.27
2/4/2025,Imported Transaction,American Express CDE LIGHTBAND,$2.95,$14106.22
2/4/2025,Imported Transaction,American Express TODOIST,$71.42,$14177.64
2/4/2025,Imported Transaction,American Express CDE LIGHTBAND,$88.95,$14266.59
2/5/2025,Imported Transaction,American Express AIRTABLE.COM/BILL,$256.14,$14522.73
2/5/2025,Imported Transaction,American Express AUTODESK INC. ADY,$3047.05,$17569.78
2/5/2025,Imported Transaction,American Express Dollar General,$15.02,$17584.80
2/5/2025,Imported Transaction,American Express FILLOUT.COM,$89.00,$17673.80
2/5/2025,Imported Transaction,American Express THE AMSTERDAM LOCAL,$8.42,$17682.22
2/5/2025,Imported Transaction,American Express PXY NEWEGG INC. CITY OF INDUS,$1094.88,$18777.10
2/5/2025,Imported Transaction,American Express PXY NEWEGG INC. CITY OF INDUS,$1204.39,$19981.49
2/5/2025,Imported Transaction,American Express AMAZON MARKETPLACE NAMZN.COM/BILL,$21.89,$20003.38
2/5/2025,Imported Transaction,American Express AMAZON MARKETPLACE NAMZN.COM/BILL,$24.32,$20027.70
2/5/2025,Imported Transaction,American Express AMAZON MARKETPLACE NAMZN.COM/BILL,$157.22,$20184.92
2/5/2025,Imported Transaction,American Express Best Buy,-$328.49,$19856.43
2/6/2025,Imported Transaction,American Express ZOOM.COM 888-799-966SAN JOSE,$17.51,$19873.94
2/6/2025,Imported Transaction,American Express PXY AMAZON MARKETAMZN.COM/BILL,$5158.17,$25032.11
2/6/2025,Imported Transaction,American Express AMAZON.COM AMZN.COM/BILL,$67.92,$25100.03
2/7/2025,Imported Transaction,American Express OPENAI *CHATGPT SUBSSAN FRANCISCO,$98.55,$25198.58
2/7/2025,Imported Transaction,American Express FILERUN LDA 4029357733 PR,$102.78,$25301.36
2/7/2025,Imported Transaction,American Express LOOM SUBSCRIPTION,$96.97,$25398.33
2/7/2025,Imported Transaction,American Express PIPEDRIVE INC,$124.50,$25522.83
2/7/2025,Imported Transaction,American Express AMAZON MARKETPLACE NAMZN.COM/BILL,$218.99,$25741.82
2/8/2025,Imported Transaction,American Express AMAZON MARKETPLACE NAMZN.COM/BILL,$38.94,$25780.76
2/8/2025,Imported Transaction,American Express PXY AMAZON.COM AMZN.COM/BILL,$652.85,$26433.61
2/8/2025,Imported Transaction,American Express SP VARMILO ROMFORD GB,$155.87,$26589.48
2/9/2025,Imported Transaction,American Express Walmart,$654.81,$27244.29
2/9/2025,Imported Transaction,American Express MICROSOFT#G077626290MSBILL.INFO,$4.07,$27248.36
2/9/2025,Imported Transaction,American Express Lowes,$217.91,$27466.27
2/10/2025,Imported Transaction,American Express ORDIGO,$9.00,$27475.27
2/10/2025,Imported Transaction,American Express AMAZON MARKETPLACE NAMZN.COM/BILL,$21.67,$27496.94
2/10/2025,Imported Transaction,American Express AMAZON MARKETPLACE NAMZN.COM/BILL,$36.40,$27533.34
2/10/2025,Imported Transaction,American Express AMAZON MARKETPLACE NAMZN.COM/BILL,$38.62,$27571.96
2/10/2025,Imported Transaction,American Express AMAZON MARKETPLACE NAMZN.COM/BILL,$158.76,$27730.72
2/10/2025,Imported Transaction,American Express AMAZON MARKETPLACE NAMZN.COM/BILL,$43.79,$27774.51
2/10/2025,Imported Transaction,American Express Walmart,$82.09,$27856.60
2/11/2025,Imported Transaction,American Express RINGCENTRAL INC,$188.39,$28044.99
2/11/2025,Imported Transaction,American Express SLACK T017V3KGB3Q,$133.53,$28178.52
2/11/2025,Imported Transaction,American Express AMAZON MARKETPLACE NAMZN.COM/BILL,$107.30,$28285.82
2/11/2025,Imported Transaction,American Express AMAZON MARKETPLACE NAMZN.COM/BILL,$127.83,$28413.65
2/12/2025,Imported Transaction,American Express AMAZON.COM AMZN.COM/BILL,$14.37,$28428.02
2/13/2025,Imported Transaction,Legends Bank - Personal AMEX EPAYMENT ACH PMT,-$8462.93,$19965.09
2/14/2025,Imported Transaction,American Express AMAZON MARKETPLACE NAMZN.COM/BILL,$106.31,$20071.40
2/16/2025,Imported Transaction,American Express ICEDRIVE PRO SWANSEA GB,$4.99,$20076.39
2/16/2025,Imported Transaction,American Express WWW.MAKE.COM,$37.36,$20113.75
2/16/2025,Imported Transaction,American Express SPECTRUM,$179.00,$20292.75
2/16/2025,Imported Transaction,American Express AMAZON MARKETPLACE NAMZN.COM/BILL,$42.68,$20335.43
2/17/2025,Imported Transaction,American Express LinkedIn,$76.64,$20412.07
2/17/2025,Imported Transaction,American Express FILERUN LDA 4029357733 PR,-$104.10,$20307.97
2/17/2025,Imported Transaction,American Express MICROSOFT MSBILL.INFO,$36.79,$20344.76
2/17/2025,Imported Transaction,American Express AMAZON MARKETPLACE NAMZN.COM/BILL,$8.53,$20353.29
2/17/2025,Imported Transaction,American Express AMAZON MARKETPLACE NAMZN.COM/BILL,$182.49,$20535.78
2/18/2025,Imported Transaction,American Express HENLEY ACCOUNTING &,$412.00,$20947.78
2/18/2025,Imported Transaction,American Express HENLEY ACCOUNTING &,$2249.66,$23197.44
2/19/2025,Imported Transaction,American Express ON2AIR: BACKUPS,$29.99,$23227.43
2/19/2025,Imported Transaction,American Express A1010BUSD01 MSBILL.INFO,$13.34,$23240.77
2/20/2025,Imported Transaction,American Express SPARK GRAND CANAL STREET UCO,$82.73,$23323.50
2/20/2025,Imported Transaction,American Express AMAZON MARKETPLACE NAMZN.COM/BILL,$72.81,$23396.31
2/21/2025,Imported Transaction,American Express WWW.SPLASHTOP.COM,$217.91,$23614.22
2/22/2025,Imported Transaction,American Express CLAUDE.AI SUBSCRIPTIPASADENA,$21.90,$23636.12
2/22/2025,Imported Transaction,American Express AMAZON MARKETPLACE NAMZN.COM/BILL,$61.29,$23697.41
2/22/2025,Imported Transaction,American Express P.SKOOL.COM/RWZZH,$30.00,$23727.41
2/23/2025,Imported Transaction,American Express BITWARDEN,$76.65,$23804.06
2/24/2025,Imported Transaction,American Express American Airlines,$41.69,$23845.75
2/24/2025,Imported Transaction,American Express American Airlines,$281.97,$24127.72
2/24/2025,Imported Transaction,American Express AMAZON.COM AMZN.COM/BILL,$4.04,$24131.76
2/24/2025,Imported Transaction,American Express AMAZON MARKETPLACE NAMZN.COM/BILL,$10.94,$24142.70
2/25/2025,Imported Transaction,American Express ROCKPILESOLUTIONS.COLOUISVILLE CO,$923.26,$25065.96
2/25/2025,Imported Transaction,American Express LOWES.COM 1-800-445-6937,$260.61,$25326.57
2/25/2025,Imported Transaction,American Express AMAZON.COM AMZN.COM/BILL,$70.90,$25397.47
2/25/2025,Imported Transaction,American Express AMAZON MARKETPLACE NAMZN.COM/BILL,-$72.81,$25324.66
2/26/2025,Imported Transaction,American Express CKO*PHANTOMBUSTER 21PARIS,$69.00,$25393.66
2/26/2025,Imported Transaction,American Express THINKIFIC.COM VANCOUVER,$53.53,$25447.19
2/26/2025,Imported Transaction,American Express AMAZON MARKETPLACE NAMZN.COM/BILL,$616.08,$26063.27
2/27/2025,Imported Transaction,American Express FS *TEXTEXPANDER,$10.41,$26073.68
2/27/2025,Imported Transaction,American Express PXY HERTZ CAR RENOKLAHOMA CITY,$305.79,$26379.47
2/28/2025,Imported Transaction,American Express ADOBE Adobe Systems,$16.41,$26395.88
2/28/2025,Imported Transaction,American Express ANTHROPIC,$5.48,$26401.36
3/1/2025,Imported Transaction,American Express PXY PATRIOT SOFTWCANTON,$2.05,$26403.41
3/1/2025,Imported Transaction,American Express OUTLINE,$79.00,$26482.41
3/1/2025,Imported Transaction,American Express MASVIO OTTAWA,$7.20,$26489.61
3/1/2025,Imported Transaction,American Express ZAPIER.COM/CHARGE,$32.91,$26522.52
3/1/2025,Imported Transaction,American Express USCREEN.TV,$799.00,$27321.52
3/1/2025,Imported Transaction,American Express PXY PATRIOT SOFTWCANTON,$38.88,$27360.40
3/2/2025,Imported Transaction,American Express GSUITE ABCIVICC GOOGLE.COM,$55.19,$27415.59
3/2/2025,Imported Transaction,American Express GSUITE AB-CIVCC GOOGLE.COM,$443.46,$27859.05
3/2/2025,Imported Transaction,American Express Anytime Storage #3 4CLARKSVILLE,$95.00,$27954.05
3/4/2025,Imported Transaction,American Express UPS,$173.71,$28127.76
3/4/2025,Imported Transaction,American Express MISSION BBQ CLARKSVICLARKSVILLE,$44.86,$28172.62
3/5/2025,Imported Transaction,American Express FILLOUT.COM,$89.00,$28261.62
3/5/2025,Imported Transaction,American Express Starbucks,$51.40,$28313.02
3/6/2025,Imported Transaction,American Express ZOOM.COM 888-799-966SAN JOSE,$17.51,$28330.53
3/6/2025,Imported Transaction,American Express CDE LIGHTBAND,$2.95,$28333.48
3/6/2025,Imported Transaction,American Express CDE LIGHTBAND,$88.95,$28422.43
3/6/2025,Imported Transaction,American Express PXY VYVE BROADBANRYE BROOK,$79.95,$28502.38
3/6/2025,Imported Transaction,American Express SP IMPOSITION SOFTWALONDON GB,$3.99,$28506.37
3/6/2025,Imported Transaction,Legends Bank - Personal AMEX EPAYMENT ACH PMT,-$5000.00,$23506.37
3/7/2025,Imported Transaction,American Express LOOM SUBSCRIPTION,$90.00,$23596.37
3/7/2025,Imported Transaction,American Express OPENAI *CHATGPT SUBSSAN FRANCISCO,$65.70,$23662.07
3/7/2025,Imported Transaction,American Express PIPEDRIVE INC,$124.50,$23786.57
3/9/2025,Imported Transaction,American Express AIRTABLE.COM/BILL,$304.86,$24091.43
3/9/2025,Imported Transaction,American Express MICROSOFT MSBILL.INFO,$3.68,$24095.11
3/11/2025,Imported Transaction,American Express SLACK T017V3KGB3Q,$121.14,$24216.25
3/11/2025,Imported Transaction,American Express RINGCENTRAL INC,$188.39,$24404.64
3/11/2025,Imported Transaction,American Express AMAZON MARKETPLACE NAMZN.COM/BILL,$16.47,$24421.11
3/11/2025,Imported Transaction,American Express PXY HYATT HOUSE BBROOMFIELD CO,$425.40,$24846.51
3/13/2025,Imported Transaction,American Express Walmart,$16.22,$24862.73
3/14/2025,Imported Transaction,American Express PXY IN *WEB3CONSUUPPER,$200.00,$25062.73
3/14/2025,Imported Transaction,American Express TST* SMOKIN OAK WOOBROOMFIELD CO,$24.10,$25086.83
3/14/2025,Imported Transaction,Legends Bank - Personal AMEX EPAYMENT ACH PMT,-$18323.50,$6763.33
3/15/2025,Imported Transaction,American Express ICEDRIVE PRO SWANSEA GB,$4.99,$6768.32
3/15/2025,Imported Transaction,American Express SKY MARKET CENTER C,$9.06,$6777.38
3/15/2025,Imported Transaction,American Express FLATIRON 43 10096196BROOMFIELD CO,$9.59,$6786.97
3/16/2025,Imported Transaction,American Express WWW.MAKE.COM,$37.36,$6824.33
3/17/2025,Imported Transaction,American Express MICROSOFT MSBILL.INFO,$36.79,$6861.12
3/17/2025,Imported Transaction,American Express PADDLE.NET* N8N CLOUNEW,$26.28,$6887.40
3/17/2025,Imported Transaction,American Express AMAZON MARKETPLACE NAMZN.COM/BILL,$20.75,$6908.15
3/17/2025,Imported Transaction,American Express OPENAI,$21.90,$6930.05
3/18/2025,Imported Transaction,American Express LinkedIn,$76.64,$7006.69
3/19/2025,Imported Transaction,American Express THINKIFIC.COM VANCOUVER,$13.58,$7020.27
3/19/2025,Imported Transaction,American Express A1010BUSD01 MSBILL.INFO,$13.34,$7033.61
3/19/2025,Imported Transaction,American Express ON2AIR: BACKUPS,$29.99,$7063.60
3/19/2025,Imported Transaction,American Express AMAZON MARKETPLACE NAMZN.COM/BILL,$29.09,$7092.69
3/20/2025,Imported Transaction,American Express SPARK GRAND CANAL STREET UCO,$70.10,$7162.79
3/22/2025,Imported Transaction,American Express CLAUDE.AI SUBSCRIPTISAN FRANCISCO,$21.90,$7184.69
3/22/2025,Imported Transaction,American Express P.SKOOL.COM/RWZZH,$30.00,$7214.69
3/23/2025,Imported Transaction,American Express AMAZON MARKETPLACE NAMZN.COM/BILL,$16.30,$7230.99
3/23/2025,Imported Transaction,American Express AMAZON MARKETPLACE NAMZN.COM/BILL,$16.33,$7247.32
3/23/2025,Imported Transaction,American Express BITWARDEN,$76.65,$7323.97
3/23/2025,Imported Transaction,American Express RETOOL,$13.14,$7337.11
3/23/2025,Imported Transaction,American Express SHENDUQRWEA 18658850911 CH,$10.60,$7347.71
3/25/2025,Imported Transaction,American Express ROCKPILESOLUTIONS.COLOUISVILLE CO,$976.50,$8324.21
3/25/2025,Imported Transaction,American Express MOVAVI.COM,$16.37,$8340.58
3/26/2025,Imported Transaction,American Express HENLEY ACCOUNTING &,$540.69,$8881.27
3/26/2025,Imported Transaction,American Express CKO*PHANTOMBUSTER 21PARIS,$69.00,$8950.27
3/26/2025,Imported Transaction,American Express THINKIFIC.COM VANCOUVER,$108.16,$9058.43
3/26/2025,Imported Transaction,American Express Best Buy,$365.14,$9423.57
3/27/2025,Imported Transaction,American Express FS *TEXTEXPANDER,$10.41,$9433.98
3/29/2025,Imported Transaction,American Express AMAZON MARKETPLACE NAMZN.COM/BILL,$65.69,$9499.67
3/29/2025,Imported Transaction,American Express Dollar General,$9.53,$9509.20
3/29/2025,Imported Transaction,American Express WWW.PERPLEXITY.AI,$10.00,$9519.20
3/30/2025,Imported Transaction,American Express ZAPIER.COM/CHARGE,$32.91,$9552.11
3/30/2025,Imported Transaction,American Express USCREEN.TV,$799.00,$10351.11
3/30/2025,Imported Transaction,American Express DD *DOORDASH CULVERSSAN FRANCISCO,$19.09,$10370.20
3/30/2025,Imported Transaction,American Express PXY HERTZTOLL 654877-411-4300 CO,$52.68,$10422.88
3/31/2025,Imported Transaction,American Express OUTLINE,$79.00,$10501.88
3/31/2025,Imported Transaction,American Express ADOBE Adobe Systems,$16.41,$10518.29
3/31/2025,Imported Transaction,American Express AMAZON MARKETPLACE NAMZN.COM/BILL,$5.66,$10523.95
4/1/2025,Imported Transaction,American Express GSUITE_ABCIVCC@GOOGLE.COM,$51.61,$10575.56
4/1/2025,Imported Transaction,American Express PXY NOTARYLIVENANUET,$25.00,$10600.56
4/1/2025,Imported Transaction,American Express MASVIO OTTAWA,$12.25,$10612.81
4/1/2025,Imported Transaction,American Express PXY PATRIOT SOFTWCANTON,$62.78,$10675.59
4/1/2025,Imported Transaction,American Express GSUITE_AB-CICC@GOOGLE.COM,$446.47,$11122.06
4/2/2025,Imported Transaction,American Express Anytime Storage #3 4CLARKSVILLE,$95.00,$11217.06
4/4/2025,Imported Transaction,American Express CDE LIGHTBAND,$2.95,$11220.01
4/4/2025,Imported Transaction,American Express CDE LIGHTBAND,$88.95,$11308.96
4/4/2025,Imported Transaction,American Express ANTHROPIC,$10.95,$11319.91
4/4/2025,Imported Transaction,American Express SUPABASE SINGAPORE SG,$25.00,$11344.91
4/5/2025,Imported Transaction,American Express AIRTABLE.COM/BILL,$227.43,$11572.34
4/5/2025,Imported Transaction,American Express FILLOUT.COM,$89.00,$11661.34
4/6/2025,Imported Transaction,American Express ZOOM.COM 888-799-966SAN JOSE,$17.51,$11678.85
4/7/2025,Imported Transaction,American Express LOOM SUBSCRIPTION,$90.00,$11768.85
4/7/2025,Imported Transaction,American Express OPENAI *CHATGPT SUBSSAN FRANCISCO,$65.70,$11834.55
4/7/2025,Imported Transaction,American Express PIPEDRIVE INC,$124.50,$11959.05
4/8/2025,Imported Transaction,American Express UPS,$35.45,$11994.50
4/8/2025,Imported Transaction,American Express UPS,$67.78,$12062.28
4/8/2025,Imported Transaction,American Express ANTHROPIC,$5.54,$12067.82
4/9/2025,Imported Transaction,American Express MICROSOFT MSBILL.INFO,$4.07,$12071.89
4/9/2025,Imported Transaction,American Express ANTHROPIC,$5.63,$12077.52
4/10/2025,Imported Transaction,American Express ANTHROPIC,$5.72,$12083.24
4/10/2025,Imported Transaction,American Express Dollar General,$9.53,$12092.77
4/10/2025,Imported Transaction,American Express AMAZON MARKETPLACE NAMZN.COM/BILL,$146.60,$12239.37
4/11/2025,Imported Transaction,American Express RINGCENTRAL INC,$188.17,$12427.54
4/11/2025,Imported Transaction,American Express SLACK T017V3KGB3Q,$111.89,$12539.43
4/13/2025,Imported Transaction,American Express AMAZON.COM AMZN.COM/BILL,$208.04,$12747.47
4/14/2025,Imported Transaction,American Express ANTHROPIC,$5.50,$12752.97
4/14/2025,Imported Transaction,American Express CLOUDFLARE,$10.44,$12763.41
4/15/2025,Imported Transaction,American Express PXY NOTARYLIVENANUET,$25.00,$12788.41
4/15/2025,Imported Transaction,American Express GITHUB INC.,$4.38,$12792.79
4/15/2025,Imported Transaction,American Express ICEDRIVE PRO SWANSEA GB,$4.99,$12797.78
4/15/2025,Imported Transaction,American Express AMAZON.COM AMZN.COM/BILL,$19.70,$12817.48
4/16/2025,Imported Transaction,American Express WWW.MAKE.COM,$37.36,$12854.84
4/16/2025,Imported Transaction,Legends Bank - Personal AMEX EPAYMENT ACH PMT,-$5382.71,$7472.13
4/17/2025,Imported Transaction,American Express MICROSOFT MSBILL.INFO,$36.79,$7508.92
4/17/2025,Imported Transaction,American Express Dollar General,$8.52,$7517.44
4/17/2025,Imported Transaction,American Express LinkedIn,$76.64,$7594.08
4/18/2025,Imported Transaction,American Express ANTHROPIC,$6.90,$7600.98
4/18/2025,Imported Transaction,American Express ANTHROPIC,$5.67,$7606.65
4/19/2025,Imported Transaction,American Express A1010BUSD01 MSBILL.INFO,$13.34,$7619.99
4/20/2025,Imported Transaction,American Express SPARK DUBLIN 2 CO,$79.92,$7699.91
4/22/2025,Imported Transaction,American Express CLAUDE.AI SUBSCRIPTISAN FRANCISCO,$21.90,$7721.81
4/22/2025,Imported Transaction,American Express WWW.SPLASHTOP.COM,$975.65,$8697.46
4/22/2025,Imported Transaction,American Express P.SKOOL.COM/RWZZH,$30.00,$8727.46
4/22/2025,Imported Transaction,American Express ANTHROPIC,$5.50,$8732.96
4/22/2025,Imported Transaction,American Express EGNYTE INC 000000001MOUNTAIN VIEW,$1199.03,$9931.99
4/22/2025,Imported Transaction,American Express Interest Charge on Promotional Balances,$45.60,$9977.59
4/23/2025,Imported Transaction,American Express BITWARDEN,$76.65,$10054.24
4/23/2025,Imported Transaction,American Express RETOOL,$3.91,$10058.15
4/24/2025,Imported Transaction,American Express AMAZON MARKETPLACE NAMZN.COM/BILL,$35.23,$10093.38
4/25/2025,Imported Transaction,American Express MOVAVI.COM,$16.37,$10109.75
4/26/2025,Imported Transaction,American Express THINKIFIC.COM VANCOUVER,$108.16,$10217.91
4/26/2025,Imported Transaction,American Express ANTHROPIC,$5.57,$10223.48
4/27/2025,Imported Transaction,American Express FS *TEXTEXPANDER,$10.41,$10233.89
4/27/2025,Imported Transaction,American Express ANTHROPIC,$5.66,$10239.55
4/29/2025,Imported Transaction,American Express ANTHROPIC,$5.49,$10245.04
4/29/2025,Imported Transaction,American Express SLACK T017V3KGB3Q,$25.32,$10270.36
4/30/2025,Imported Transaction,American Express ADOBE Adobe Systems,$16.41,$10286.77
4/30/2025,Imported Transaction,American Express NOLOCO DUBLIN CO,$49.00,$10335.77
4/30/2025,Imported Transaction,American Express NOLOCO DUBLIN CO,$99.89,$10435.66
4/30/2025,Imported Transaction,American Express ROCKPILESOLUTIONS.COLOUISVILLE CO,$106.95,$10542.61
4/30/2025,Imported Transaction,American Express ROCKPILESOLUTIONS.COLOUISVILLE CO,$536.50,$11079.11
4/30/2025,Imported Transaction,American Express USCREEN.TV,$799.00,$11878.11
5/1/2025,Imported Transaction,American Express OUTLINE,$79.00,$11957.11
5/1/2025,Imported Transaction,American Express MASVIO OTTAWA,$7.70,$11964.81
5/1/2025,Imported Transaction,American Express GSUITE_AB-CICC@GOOGLE.COM,$405.71,$12370.52
5/1/2025,Imported Transaction,American Express PXY PATRIOT SOFTWCANTON,$60.78,$12431.30
5/1/2025,Imported Transaction,American Express DIGITALOCEAN.COM,$3.05,$12434.35
5/1/2025,Imported Transaction,American Express SQSP* INV180138982,$20.00,$12454.35
5/1/2025,Imported Transaction,American Express GSUITE_ABCIVCC@GOOGLE.COM,$46.78,$12501.13
5/2/2025,Imported Transaction,American Express Anytime Storage #3 4CLARKSVILLE,$95.00,$12596.13
5/2/2025,Journal Entry,CLOUDFARE+18889935273,$10.44,$12606.57
5/3/2025,Imported Transaction,American Express SUPABASE SINGAPORE SG,$33.64,$12640.21
5/3/2025,Imported Transaction,American Express ANTHROPIC,$5.65,$12645.86
5/3/2025,Imported Transaction,American Express P.SKOOL.COM/ZFFSB,$78.00,$12723.86
5/5/2025,Imported Transaction,American Express FILLOUT.COM,$89.00,$12812.86
5/5/2025,Imported Transaction,American Express AIRTABLE.COM/BILL,$230.51,$13043.37
5/5/2025,Imported Transaction,American Express CLOUDFLARE,$10.44,$13053.81
5/5/2025,Imported Transaction,American Express HETZNER ONLINE GMBH GUNZENHAUSEN DE,$75.09,$13128.90
5/6/2025,Imported Transaction,American Express ZOOM.COM 888-799-966SAN JOSE,$17.51,$13146.41
5/6/2025,Imported Transaction,American Express CKO*PHANTOMBUSTER 21PARIS,$69.00,$13215.41
5/6/2025,Imported Transaction,American Express CDE LIGHTBAND,$88.95,$13304.36
5/6/2025,Imported Transaction,American Express CDE LIGHTBAND,$2.95,$13307.31
5/6/2025,Imported Transaction,American Express USCREEN.TV,$0.99,$13308.30
5/6/2025,Imported Transaction,American Express OPENROUTER INC,$10.90,$13319.20
5/7/2025,Imported Transaction,American Express ANTHROPIC,$5.49,$13324.69
5/7/2025,Imported Transaction,American Express LOOM SUBSCRIPTION,$80.00,$13404.69
5/7/2025,Imported Transaction,American Express PIPEDRIVE INC,$124.50,$13529.19
5/8/2025,Imported Transaction,American Express 1PASSWORD* TRIAL OVETORONTO,$79.92,$13609.11
5/8/2025,Imported Transaction,American Express B&H PHOTO 800-606-69800-221-5743,$349.31,$13958.42
5/9/2025,Imported Transaction,American Express AMAZON MARKETPLACE NAMZN.COM/BILL,$35.56,$13993.98
5/9/2025,Imported Transaction,American Express AMAZON.COM AMZN.COM/BILL,$65.65,$14059.63
5/9/2025,Imported Transaction,American Express MICROSOFT MSBILL.INFO,$3.94,$14063.57
5/10/2025,Imported Transaction,American Express SAMYS CAMERA INC.-LOS ANGELES,$1169.47,$15233.04
5/11/2025,Imported Transaction,American Express SLACK T017V3KGB3Q,$160.96,$15394.00
5/11/2025,Imported Transaction,American Express RINGCENTRAL INC,$188.17,$15582.17
5/12/2025,Imported Transaction,American Express HENLEY ACCOUNTING &,$592.16,$16174.33
5/12/2025,Imported Transaction,American Express HENLEY ACCOUNTING &,$154.63,$16328.96
5/12/2025,Imported Transaction,American Express SQSP* INV181719270,$20.00,$16348.96
5/12/2025,Imported Transaction,American Express WWW.MPB.COM,$310.98,$16659.94
5/12/2025,Imported Transaction,American Express BLUEBEAM INC.,$120.45,$16780.39
5/12/2025,Imported Transaction,American Express AMAZON MARKETPLACE NAMZN.COM/BILL,$24.30,$16804.69
5/12/2025,Imported Transaction,Legends Bank - Personal AMEX EPAYMENT ACH PMT,-$5000.00,$11804.69
5/13/2025,Imported Transaction,American Express EXPRESSVPN.COM,$116.95,$11921.64
5/13/2025,Imported Transaction,American Express STARLINK INTERNET STARLINK.COM,$35.79,$11957.43
5/14/2025,Imported Transaction,American Express GITHUB INC.,$4.38,$11961.81
5/15/2025,Imported Transaction,American Express ICEDRIVE PRO SWANSEA GB,$4.99,$11966.80
5/16/2025,Imported Transaction,American Express WWW.MAKE.COM,$37.36,$12004.16
5/17/2025,Imported Transaction,American Express MICROSOFT MSBILL.INFO,$36.79,$12040.95
5/17/2025,Imported Transaction,American Express LinkedIn,$76.64,$12117.59
5/18/2025,Imported Transaction,American Express STARLINK INTERNET STARLINK.COM,$120.00,$12237.59
5/18/2025,Imported Transaction,American Express AMAZON.COM AMZN.COM/BILL,$73.18,$12310.77
5/19/2025,Imported Transaction,American Express VISTAPRINT,$42.68,$12353.45
5/19/2025,Imported Transaction,American Express A1010BUSD01 MSBILL.INFO,$13.34,$12366.79
5/19/2025,Imported Transaction,Legends Bank - Personal AMEX EPAYMENT ACH PMT,-$2998.56,$9368.23
5/20/2025,Imported Transaction,American Express AMAZON.COM AMZN.COM/BILL,$87.19,$9455.42
5/20/2025,Imported Transaction,American Express AMAZON.COM AMZN.COM/BILL,$87.39,$9542.81
5/20/2025,Imported Transaction,American Express SPARK DUBLIN 2 CO,$79.92,$9622.73
5/21/2025,Imported Transaction,American Express AMAZON.COM AMZN.COM/BILL,$83.64,$9706.37
5/21/2025,Imported Transaction,American Express AMAZON.COM AMZN.COM/BILL,$84.79,$9791.16
5/22/2025,Imported Transaction,American Express P.SKOOL.COM/RWZZH,$30.00,$9821.16
5/23/2025,Imported Transaction,American Express ANTHROPIC,$5.65,$9826.81
5/23/2025,Imported Transaction,American Express BITWARDEN,$76.65,$9903.46
5/23/2025,Imported Transaction,American Express Interest Charge on Promotional Balances,$47.76,$9951.22
5/24/2025,Imported Transaction,American Express OPENROUTER INC,$31.95,$9983.17
5/25/2025,Imported Transaction,American Express MOVAVI.COM,$16.37,$9999.54
5/25/2025,Imported Transaction,American Express ROCKPILESOLUTIONS.COLOUISVILLE CO,$809.97,$10809.51
5/25/2025,Imported Transaction,American Express AMAZON MARKETPLACE NAMZN.COM/BILL,$30.63,$10840.14
5/26/2025,Imported Transaction,American Express PADDLE.NET* TEXTXPANASTORIA,$10.41,$10850.55
5/26/2025,Imported Transaction,American Express THINKIFIC.COM VANCOUVER,$108.16,$10958.71
5/26/2025,Imported Transaction,American Express AMAZON MARKETPLACE NAMZN.COM/BILL,$64.35,$11023.06
5/28/2025,Imported Transaction,American Express OPENROUTER INC,$31.95,$11055.01
5/28/2025,Imported Transaction,American Express AMAZON MARKETPLACE NAMZN.COM/BILL,$27.90,$11082.91
5/29/2025,Imported Transaction,American Express BLUEBEAM INC.,$361.35,$11444.26
5/30/2025,Imported Transaction,American Express NOLOCO DUBLIN CO,$139.00,$11583.26
5/30/2025,Imported Transaction,American Express USCREEN.TV,$799.00,$12382.26
5/31/2025,Imported Transaction,American Express ADOBE Adobe Systems,$16.41,$12398.67
5/31/2025,Imported Transaction,American Express OUTLINE,$79.00,$12477.67
6/1/2025,Imported Transaction,American Express GSUITE_ABCIVCC@GOOGLE.COM,$31.54,$12509.21
6/1/2025,Imported Transaction,American Express PXY PATRIOT SOFTWCANTON,$121.55,$12630.76
6/1/2025,Imported Transaction,American Express MASVIO OTTAWA,$7.80,$12638.56
6/1/2025,Imported Transaction,American Express DIGITALOCEAN.COM,$6.00,$12644.56
6/1/2025,Imported Transaction,American Express GSUITE_AB-CICC@GOOGLE.COM,$139.28,$12783.84
6/2/2025,Imported Transaction,American Express AMAZON MARKETPLACE NAMZN.COM/BILL,$7.61,$12791.45
6/2/2025,Imported Transaction,American Express Anytime Storage #3 4CLARKSVILLE,$95.00,$12886.45
6/3/2025,Imported Transaction,American Express Dollar General,$17.19,$12903.64
6/3/2025,Imported Transaction,American Express INDEED JOBS,$198.13,$13101.77
6/3/2025,Imported Transaction,American Express RAINRETAIL*HABITAT FCLARKSVILLE,$132.00,$13233.77
6/3/2025,Imported Transaction,American Express Best Buy,$260.82,$13494.59
6/3/2025,Imported Transaction,American Express P.SKOOL.COM/ZFFSB,$78.00,$13572.59
6/4/2025,Imported Transaction,American Express CDE LIGHTBAND,$78.62,$13651.21
6/4/2025,Imported Transaction,American Express CDE LIGHTBAND,$2.95,$13654.16
6/5/2025,Imported Transaction,AIRTABLE.COM/BILL   SAN FRANCISCO       CA,$236.52,$13890.68
6/5/2025,Imported Transaction,CKO*PHANTOMBUSTER 21PARIS,$69.00,$13959.68
6/5/2025,Imported Transaction,FILLOUT.COM         BEAVERTON           OR,$89.00,$14048.68
6/5/2025,Imported Transaction,HETZNER ONLINE GMBH GUNZENHAUSEN        DE,$119.01,$14167.69
6/6/2025,Imported Transaction,USCREEN.TV          ROCKVILLE           MD,$0.99,$14168.68
6/6/2025,Imported Transaction,ZOOM.COM 888-799-966SAN JOSE            CA,$18.60,$14187.28
6/7/2025,Imported Transaction,PIPEDRIVE INC       NEW YORK            NY,$124.50,$14311.78
6/7/2025,Imported Transaction,LOOM SUBSCRIPTION   AUSTIN              TX,$80.00,$14391.78
6/8/2025,Imported Transaction,1PASSWORD           TORONTO,$79.92,$14471.70
6/9/2025,Imported Transaction,AMEX EPAYMENT ACH PMT,-$9951.22,$4520.48
6/9/2025,Imported Transaction,PLUMB LINE COFFEE 00CLARKSVILLE         TN,$12.02,$4532.50
6/9/2025,Imported Transaction,1PASSWORD           TORONTO,$9.92,$4542.42
6/9/2025,Imported Transaction,MICROSOFT           MSBILL.INFO,$4.07,$4546.49
6/10/2025,Imported Transaction,PXY    VYVE BROADBANRYE BROOK           NY,$71.75,$4618.24
6/10/2025,Imported Transaction,RINGCENTRAL INC     888-898-4591        CA,$188.17,$4806.41
6/11/2025,Imported Transaction,ANTHROPIC           SAN FRANCISCO       CA,$5.49,$4811.90
6/11/2025,Imported Transaction,SLACK T017V3KGB3Q   SAN FRANCISCO       CA,$243.73,$5055.63
6/12/2025,Imported Transaction,OPENROUTER INC     NEW YORK            NY,$10.90,$5066.53
6/13/2025,Imported Transaction,ANTHROPIC           SAN FRANCISCO       CA,$5.49,$5072.02
6/14/2025,Imported Transaction,GITHUB INC.        SAN FRANCISCO       CA,$4.38,$5076.40
6/14/2025,Imported Transaction,ON2AIR: BACKUPS     PROVO               UT,$49.99,$5126.39
6/15/2025,Imported Transaction,American Express ICEDRIVE PRO SWANSEA GB,$4.99,$5131.38
6/16/2025,Imported Transaction,American Express OPENROUTER INC,$26.69,$5158.07
6/16/2025,Imported Transaction,American Express WWW.MAKE.COM,$37.36,$5195.43
6/17/2025,Imported Transaction,American Express LinkedIn,$76.64,$5272.07
6/17/2025,Imported Transaction,American Express MICROSOFT MSBILL.INFO,$36.79,$5308.86
6/17/2025,Imported Transaction,American Express STARLINK INTERNET STARLINK.COM,$120.00,$5428.86
6/18/2025,Imported Transaction,American Express ANTHROPIC,$5.50,$5434.36
6/18/2025,Imported Transaction,American Express OPENROUTER INC,$26.69,$5461.05
6/19/2025,Imported Transaction,American Express E0800WM7LR MSBILL.INFO,$13.34,$5474.39
6/20/2025,Imported Transaction,American Express SPARK DUBLIN 2 CO,$79.92,$5554.31
6/21/2025,Imported Transaction,American Express OPENROUTER INC,$26.69,$5581.00
6/22/2025,Imported Transaction,American Express RENEWAL MEMBERSHIP FEE,$95.00,$5676.00
6/22/2025,Imported Transaction,American Express RENEWAL MEMBERSHIP FEE,$375.00,$6051.00
6/22/2025,Imported Transaction,American Express Interest Charge on Promotional Balances,$20.13,$6071.13
6/23/2025,Imported Transaction,American Express BITWARDEN,$76.65,$6147.78
6/24/2025,Imported Transaction,American Express OPENROUTER INC,$26.69,$6174.47
6/24/2025,Imported Transaction,American Express PXY TNSOS BUSINESNASHVILLE,$306.87,$6481.34
6/24/2025,Imported Transaction,American Express PXY TNSOS BUSINESNASHVILLE,$306.87,$6788.21
6/24/2025,Imported Transaction,American Express P.SKOOL.COM/RWZZH,$30.00,$6818.21
6/25/2025,Imported Transaction,American Express OPENROUTER INC,$26.38,$6844.59
6/25/2025,Imported Transaction,American Express OPENAI,$16.65,$6861.24
6/25/2025,Imported Transaction,American Express OPENROUTER INC,$26.69,$6887.93
6/25/2025,Imported Transaction,American Express OPENROUTER INC,$26.69,$6914.62
6/25/2025,Imported Transaction,American Express ANTHROPIC,$5.49,$6920.11
6/25/2025,Imported Transaction,American Express ROCKPILESOLUTIONS.COLOUISVILLE CO,$809.97,$7730.08
6/25/2025,Imported Transaction,American Express MOVAVI.COM,$16.37,$7746.45
6/25/2025,Journal Entry,OPENROUTER INC +8482974487,$26.69,$7773.14
6/26/2025,Imported Transaction,American Express PXY NOTARYLIVENANUET,$25.00,$7798.14
6/26/2025,Imported Transaction,American Express THINKIFIC.COM VANCOUVER,$108.16,$7906.30
6/26/2025,Imported Transaction,American Express PADDLE.NET* TEXTXPANASTORIA,$10.41,$7916.71
6/27/2025,Imported Transaction,American Express 1PASSWORD TORONTO,$4.27,$7920.98
6/27/2025,Imported Transaction,American Express THE AMSTERDAM LOCAL,$10.51,$7931.49
6/27/2025,Journal Entry,OPENROUTER INC +18482974487,$26.38,$7957.87
6/30/2025,Imported Transaction,American Express USCREEN.TV,$799.00,$8756.87
6/30/2025,Imported Transaction,American Express ADOBE Adobe Systems,$16.41,$8773.28
7/1/2025,Imported Transaction,American Express OPNFORM.COM NEUILLY SUR SEINE HA,$199.00,$8972.28
7/1/2025,Imported Transaction,American Express CLAUDE.AI SUBSCRIPTISAN FRANCISCO,$21.90,$8994.18
7/1/2025,Imported Transaction,American Express DIGITALOCEAN.COM,$6.00,$9000.18
7/1/2025,Imported Transaction,American Express GSUITE_AB-CICC@GOOGLE.COM,$140.37,$9140.55
7/1/2025,Imported Transaction,American Express GSUITE_ABCIVCC@GOOGLE.COM,$31.54,$9172.09
7/1/2025,Imported Transaction,American Express MASVIO OTTAWA,$7.50,$9179.59
7/1/2025,Imported Transaction,American Express PXY PATRIOT SOFTWCANTON,$128.12,$9307.71
7/1/2025,Imported Transaction,American Express OUTLINE,$79.00,$9386.71
7/1/2025,Imported Transaction,American Express PDF.CO & ARTIFEX,$24.99,$9411.70
7/1/2025,Imported Transaction,American Express AMAZON.COM AMZN.COM/BILL,$218.99,$9630.69
7/1/2025,Imported Transaction,American Express AMAZON MARKETPLACE NAMZN.COM/BILL,$52.00,$9682.69
7/1/2025,Imported Transaction,American Express Best Buy,$54.21,$9736.90
7/2/2025,Imported Transaction,American Express OPENAI,$21.90,$9758.80
7/2/2025,Imported Transaction,American Express ANTHROPIC,$5.48,$9764.28
7/3/2025,Imported Transaction,American Express CDE LIGHTBAND,$81.00,$9845.28
7/3/2025,Imported Transaction,American Express CDE LIGHTBAND,$2.95,$9848.23
7/3/2025,Imported Transaction,American Express P.SKOOL.COM/ZFFSB,$78.00,$9926.23
7/5/2025,Imported Transaction,American Express FILLOUT.COM,$89.00,$10015.23
7/5/2025,Imported Transaction,American Express AIRTABLE.COM/BILL,$285.29,$10300.52
7/5/2025,Imported Transaction,American Express HETZNER ONLINE GMBH GUNZENHAUSEN DE,$127.39,$10427.91
7/6/2025,Imported Transaction,American Express CKO*PHANTOMBUSTER 21PARIS,$69.00,$10496.91
7/6/2025,Imported Transaction,American Express ZOOM.COM 888-799-966SAN JOSE,$18.60,$10515.51
7/6/2025,Imported Transaction,American Express USCREEN.TV,$0.99,$10516.50
7/7/2025,Imported Transaction,American Express PIPEDRIVE INC,$124.50,$10641.00
7/7/2025,Imported Transaction,American Express LOOM SUBSCRIPTION,$92.20,$10733.20
7/7/2025,Imported Transaction,American Express OPENROUTER INC,$26.38,$10759.58
7/8/2025,Imported Transaction,American Express ANTHROPIC,$5.48,$10765.06
7/8/2025,Imported Transaction,American Express 1PASSWORD TORONTO,$99.90,$10864.96
7/9/2025,Imported Transaction,American Express MICROSOFT MSBILL.INFO,$3.94,$10868.90
7/9/2025,Imported Transaction,American Express HUGGINGFACE,$9.00,$10877.90
7/10/2025,Imported Transaction,American Express MICROSOFT#G101794085MSBILL.INFO,$14.01,$10891.91
7/11/2025,Imported Transaction,American Express RINGCENTRAL INC,$188.10,$11080.01
7/11/2025,Imported Transaction,American Express SLACK T017V3KGB3Q,$222.83,$11302.84
7/11/2025,Imported Transaction,American Express AMAZON MARKETPLACE NAMZN.COM/BILL,$177.41,$11480.25
7/12/2025,Imported Transaction,American Express ZOOM.COM 888-799-966SAN JOSE,$30.01,$11510.26
7/14/2025,Imported Transaction,American Express ON2AIR: BACKUPS,$49.99,$11560.25
7/14/2025,Imported Transaction,American Express GITHUB INC.,$4.38,$11564.63
7/14/2025,Imported Transaction,American Express CLOUDFLARE,$10.44,$11575.07
7/15/2025,Imported Transaction,American Express ICEDRIVE PRO SWANSEA GB,$4.99,$11580.06
7/15/2025,Imported Transaction,American Express AMAZON.COM AMZN.COM/BILL,$15.38,$11595.44
7/16/2025,Imported Transaction,American Express WWW.MAKE.COM,$37.36,$11632.80
7/17/2025,Imported Transaction,American Express REV.COM,$5.50,$11638.30
7/17/2025,Imported Transaction,American Express STARLINK INTERNET STARLINK.COM,$120.00,$11758.30
7/17/2025,Imported Transaction,American Express LinkedIn,$76.64,$11834.94
7/17/2025,Imported Transaction,American Express MICROSOFT MSBILL.INFO,$36.79,$11871.73
7/17/2025,Imported Transaction,American Express OPENROUTER INC,$26.38,$11898.11
7/17/2025,Imported Transaction,American Express PY *ANYTIME STORAGE,$110.00,$12008.11
7/18/2025,Imported Transaction,American Express PXY VYVE BROADBANRYE BROOK,$69.13,$12077.24
7/18/2025,Imported Transaction,American Express ANTHROPIC,$5.48,$12082.72
7/18/2025,Imported Transaction,Legends Bank - Personal AMEX EPAYMENT ACH PMT,-$6071.13,$6011.59
7/20/2025,Imported Transaction,American Express SPARK DUBLIN 2 CO,$79.92,$6091.51
7/21/2025,Imported Transaction,American Express BLUEBEAM INC.,$1084.05,$7175.56
7/22/2025,Imported Transaction,American Express P.SKOOL.COM/RWZZH,$30.00,$7205.56
7/23/2025,Imported Transaction,American Express BITWARDEN,$76.65,$7282.21
7/23/2025,Imported Transaction,American Express CLAUDE.AI SUBSCRIPTISAN FRANCISCO,$104.18,$7386.39
7/25/2025,Imported Transaction,American Express ROCKPILESOLUTIONS.COLOUISVILLE CO,$809.97,$8196.36
7/25/2025,Imported Transaction,American Express MOVAVI.COM,$16.37,$8212.73
7/25/2025,Imported Transaction,American Express DD *DOORDASH REGGIESSAN FRANCISCO,$36.31,$8249.04
7/26/2025,Imported Transaction,American Express PADDLE.NET* TEXTXPANASTORIA,$10.41,$8259.45
7/27/2025,Imported Transaction,American Express THINKIFIC.COM VANCOUVER,$108.16,$8367.61
7/29/2025,Imported Transaction,American Express ANTHROPIC,$5.48,$8373.09
7/29/2025,Imported Transaction,American Express BOWCOM DRAFTING DESICANTON,$100.00,$8473.09
7/30/2025,Imported Transaction,American Express USCREEN.TV,$799.00,$9272.09
7/31/2025,Imported Transaction,American Express SQSP* INV192235942,$12.00,$9284.09
7/31/2025,Imported Transaction,American Express ADOBE Adobe Systems,$16.41,$9300.50
7/31/2025,Imported Transaction,American Express OUTLINE,$79.00,$9379.50
8/1/2025,Imported Transaction,American Express DIGITALOCEAN.COM,$6.00,$9385.50
8/1/2025,Imported Transaction,American Express GSUITE_AB-CICC@GOOGLE.COM,$139.90,$9525.40
8/1/2025,Imported Transaction,American Express GSUITE_ABCIVCC@GOOGLE.COM,$35.42,$9560.82
8/1/2025,Imported Transaction,American Express MASVIO OTTAWA,$7.70,$9568.52
8/1/2025,Imported Transaction,American Express PDF.CO & ARTIFEX,$24.99,$9593.51
8/1/2025,Imported Transaction,American Express DD *DOORDASH DAVESLOSAN FRANCISCO,$30.72,$9624.23
8/2/2025,Imported Transaction,American Express PXY PATRIOT SOFTWCANTON,$128.12,$9752.35
8/2/2025,Imported Transaction,American Express PY *ANYTIME STORAGE,$95.00,$9847.35
8/4/2025,Imported Transaction,American Express CDE LIGHTBAND,$81.00,$9928.35
8/4/2025,Imported Transaction,American Express CDE LIGHTBAND,$2.95,$9931.30
8/5/2025,Imported Transaction,American Express FILLOUT.COM,$89.00,$10020.30
8/5/2025,Imported Transaction,American Express AIRTABLE.COM/BILL,$289.90,$10310.20
8/5/2025,Imported Transaction,American Express HETZNER ONLINE GMBH GUNZENHAUSEN DE,$127.56,$10437.76
8/6/2025,Imported Transaction,American Express ZOOM.COM 888-799-966SAN JOSE,$55.81,$10493.57
8/6/2025,Imported Transaction,American Express CLAUDE.AI SUBSCRIPTISAN FRANCISCO,$159.21,$10652.78
8/6/2025,Imported Transaction,American Express USCREEN.TV,$0.99,$10653.77
8/7/2025,Imported Transaction,American Express AMAZON MARKETPLACE NAMZN.COM/BILL,$57.00,$10710.77
8/7/2025,Imported Transaction,American Express PIPEDRIVE INC,$52.56,$10763.33
8/7/2025,Imported Transaction,American Express LOOM SUBSCRIPTION,$100.00,$10863.33
8/7/2025,Imported Transaction,American Express FS *TECHSMITH,$39.42,$10902.75
8/7/2025,Imported Transaction,American Express FS *TECHSMITH,$32.03,$10934.78
8/7/2025,Imported Transaction,American Express FS *TECHSMITH,-$32.03,$10902.75
8/7/2025,Imported Transaction,American Express ANTHROPIC,$5.48,$10908.23
8/7/2025,Imported Transaction,American Express AMAZON MARKETPLACE NAMZN.COM/BILL,$44.91,$10953.14
8/8/2025,Imported Transaction,American Express REV.COM,$2.00,$10955.14
8/8/2025,Imported Transaction,American Express Dollar General,$18.51,$10973.65
8/8/2025,Imported Transaction,American Express 1PASSWORD TORONTO,$89.91,$11063.56
8/9/2025,Imported Transaction,American Express MICROSOFT MSBILL.INFO,$4.07,$11067.63
8/9/2025,Imported Transaction,American Express SQSP* DOMAIN#1935618NEW,$12.00,$11079.63
8/9/2025,Imported Transaction,American Express AMAZON MARKETPLACE NAMZN.COM/BILL,$18.26,$11097.89
8/10/2025,Imported Transaction,American Express MICROSOFT MSBILL.INFO,$14.01,$11111.90
8/10/2025,Imported Transaction,American Express HUGGINGFACE,$9.00,$11120.90
8/11/2025,Imported Transaction,American Express VERCEL INC.,$20.00,$11140.90
8/11/2025,Imported Transaction,American Express SLACK T017V3KGB3Q,$154.71,$11295.61
8/11/2025,Imported Transaction,American Express RINGCENTRAL INC,$181.76,$11477.37
8/12/2025,Imported Transaction,American Express Dollar General,$6.76,$11484.13
8/13/2025,Imported Transaction,American Express OPENROUTER INC,$26.38,$11510.51
8/13/2025,Imported Transaction,American Express Dollar General,$9.96,$11520.47
8/14/2025,Imported Transaction,American Express ANTHROPIC,$5.48,$11525.95
8/14/2025,Imported Transaction,American Express ON2AIR: BACKUPS,$49.99,$11575.94
8/15/2025,Imported Transaction,American Express ICEDRIVE PRO SWANSEA GB,$4.99,$11580.93
8/16/2025,Imported Transaction,American Express WWW.MAKE.COM,$37.36,$11618.29
8/16/2025,Imported Transaction,American Express USPS PO BOXES ONLINE800-344-7779,$210.00,$11828.29
8/17/2025,Imported Transaction,American Express LinkedIn,$76.64,$11904.93
8/17/2025,Imported Transaction,American Express MICROSOFT MSBILL.INFO,$36.79,$11941.72
8/17/2025,Imported Transaction,American Express STARLINK INTERNET STARLINK.COM,$120.00,$12061.72
8/18/2025,Imported Transaction,American Express OPENROUTER INC,$10.80,$12072.52
8/18/2025,Imported Transaction,Legends Bank - Personal AMEX EPAYMENT ACH PMT,-$7354.36,$4718.16
8/19/2025,Imported Transaction,American Express PXY VYVE BROADBANRYE BROOK,$69.15,$4787.31
8/20/2025,Imported Transaction,American Express OPENROUTER INC,$26.38,$4813.69
8/20/2025,Imported Transaction,American Express OPENROUTER INC,$26.38,$4840.07
8/20/2025,Imported Transaction,American Express OPENROUTER INC,$52.75,$4892.82
8/20/2025,Imported Transaction,American Express SPARK DUBLIN 2 CO,$79.92,$4972.74
8/20/2025,Imported Transaction,American Express OPENROUTER INC,$26.38,$4999.12
8/20/2025,Imported Transaction,American Express OPENROUTER INC,$31.65,$5030.77
8/21/2025,Imported Transaction,American Express OPENROUTER INC,-$25.00,$5005.77
8/21/2025,Imported Transaction,American Express THE AMSTERDAM LOCAL,$28.36,$5034.13
8/21/2025,Imported Transaction,American Express OPENROUTER INC,-$22.62,$5011.51
8/22/2025,Imported Transaction,American Express P.SKOOL.COM/RWZZH,$30.00,$5041.51
8/22/2025,Imported Transaction,American Express PROFILEPHOTO APP,$6.99,$5048.50
8/23/2025,Imported Transaction,American Express BITWARDEN,$76.65,$5125.15
8/23/2025,Imported Transaction,American Express Dollar General,$10.38,$5135.53
8/24/2025,Imported Transaction,American Express SQSP* DOMAIN#1962694NEW,$12.00,$5147.53
8/25/2025,Imported Transaction,American Express MOVAVI.COM,$16.37,$5163.90
8/25/2025,Imported Transaction,American Express ROCKPILESOLUTIONS.COLOUISVILLE CO,$809.97,$5973.87
8/26/2025,Imported Transaction,American Express PADDLE.NET* TEXTXPANASTORIA,$10.41,$5984.28
8/27/2025,Imported Transaction,American Express THINKIFIC.COM VANCOUVER,$108.16,$6092.44
8/28/2025,Imported Transaction,American Express Dollar General,$28.05,$6120.49
8/29/2025,Imported Transaction,American Express USCREEN.TV,$799.00,$6919.49
8/29/2025,Imported Transaction,American Express Dollar General,$9.96,$6929.45
8/29/2025,Imported Transaction,American Express PROFILEPHOTO APP,$6.99,$6936.44
8/30/2025,Imported Transaction,American Express ANTHROPIC,$5.48,$6941.92
8/31/2025,Imported Transaction,American Express ADOBE Adobe Systems,$16.41,$6958.33
8/31/2025,Imported Transaction,American Express OUTLINE,$79.00,$7037.33
9/1/2025,Imported Transaction,American Express MASVIO OTTAWA,$7.70,$7045.03
9/1/2025,Imported Transaction,American Express GSUITE_AB-CICC@GOOGLE.COM,$137.97,$7183.00
9/1/2025,Imported Transaction,American Express GSUITE_ABCIVCC@GOOGLE.COM,$44.49,$7227.49
9/1/2025,Imported Transaction,American Express PDF.CO & ARTIFEX,$24.99,$7252.48
9/1/2025,Imported Transaction,American Express DIGITALOCEAN.COM,$6.00,$7258.48
9/2/2025,Imported Transaction,American Express PY *ANYTIME STORAGE,$95.00,$7353.48
9/2/2025,Imported Transaction,American Express PXY PATRIOT SOFTWCANTON,$128.12,$7481.60
9/3/2025,Imported Transaction,American Express CDE LIGHTBAND,$2.95,$7484.55
9/3/2025,Imported Transaction,American Express CDE LIGHTBAND,$81.00,$7565.55
9/4/2025,Imported Transaction,American Express Dollar General,$10.38,$7575.93
9/5/2025,Imported Transaction,American Express FILLOUT.COM,$89.00,$7664.93
9/5/2025,Imported Transaction,American Express HETZNER ONLINE GMBH GUNZENHAUSEN DE,$127.77,$7792.70
9/5/2025,Imported Transaction,American Express Dollar General,$10.38,$7803.08
9/5/2025,Journal Entry,American Express ProfilePhoto App,$6.99,$7810.07
9/6/2025,Imported Transaction,American Express CLAUDE.AI SUBSCRIPTISAN FRANCISCO,$219.00,$8029.07
9/6/2025,Imported Transaction,American Express ZOOM.COM 888-799-966SAN JOSE,$55.81,$8084.88
9/6/2025,Imported Transaction,American Express DD *DOORDASH DREAMWISAN FRANCISCO,$38.59,$8123.47
9/7/2025,Imported Transaction,American Express PIPEDRIVE INC,$52.56,$8176.03
9/7/2025,Imported Transaction,American Express LOOM SUBSCRIPTION,$90.00,$8266.03
9/8/2025,Imported Transaction,American Express 1PASSWORD TORONTO,$89.91,$8355.94
9/8/2025,Imported Transaction,American Express DD *DOORDASH MCDONALSAN FRANCISCO,$50.89,$8406.83
9/8/2025,Imported Transaction,American Express APIFY* SUBSCRIPTION PRAGUE PR,$39.00,$8445.83
9/9/2025,Imported Transaction,American Express MICROSOFT MSBILL.INFO,$4.07,$8449.90
9/9/2025,Imported Transaction,American Express OPENROUTER INC,$42.20,$8492.10
9/9/2025,Imported Transaction,American Express 2COCOM*AV BEAM,$159.00,$8651.10
9/10/2025,Imported Transaction,American Express MICROSOFT MSBILL.INFO,$14.01,$8665.11
9/11/2025,Imported Transaction,American Express HUGGINGFACE,$9.00,$8674.11
9/11/2025,Imported Transaction,American Express ANTHROPIC,$5.49,$8679.60
9/11/2025,Imported Transaction,American Express SLACK T017V3KGB3Q,$236.52,$8916.12
9/11/2025,Imported Transaction,American Express RINGCENTRAL INC,$181.76,$9097.88
9/11/2025,Imported Transaction,American Express HENLEY ACCOUNTING &,$2862.21,$11960.09
9/11/2025,Imported Transaction,American Express VERCEL INC.,$40.04,$12000.13
9/12/2025,Imported Transaction,American Express FIRECRAWL.DEV,$79.09,$12079.22
9/12/2025,Imported Transaction,American Express PROFILEPHOTO APP,$6.99,$12086.21
9/12/2025,Imported Transaction,American Express FIRECRAWL.DEV,$19.00,$12105.21
9/13/2025,Imported Transaction,American Express Best Buy,$17.94,$12123.15
9/14/2025,Imported Transaction,American Express SKOOL.COM,$9.00,$12132.15
9/14/2025,Imported Transaction,American Express ON2AIR: BACKUPS,$49.99,$12182.14
9/16/2025,Imported Transaction,American Express SUPABASE SINGAPORE SG,$25.00,$12207.14
9/16/2025,Imported Transaction,American Express CLOUD 8S95C7 G.CO HELPPAY#,$100.00,$12307.14
9/16/2025,Imported Transaction,American Express Dollar General,$10.38,$12317.52
9/16/2025,Imported Transaction,American Express ICEDRIVE PRO SWANSEA GB,$4.99,$12322.51
9/16/2025,Imported Transaction,American Express PXY NOTARYLIVENANUET,$25.00,$12347.51
9/16/2025,Imported Transaction,American Express WWW.MAKE.COM,$37.36,$12384.87
9/17/2025,Imported Transaction,American Express BLUEBEAM INC.,$331.24,$12716.11
9/17/2025,Imported Transaction,American Express LinkedIn,$76.64,$12792.75
9/17/2025,Imported Transaction,American Express MICROSOFT MSBILL.INFO,$36.79,$12829.54
9/17/2025,Imported Transaction,American Express OPENROUTER INC,$52.75,$12882.29
9/17/2025,Imported Transaction,American Express STARLINK INTERNET STARLINK.COM,$120.00,$13002.29
9/18/2025,Imported Transaction,Legends Bank - Personal AMEX EPAYMENT ACH PMT,-$5048.50,$7953.79
9/18/2025,Imported Transaction,American Express PXY VYVE BROADBANRYE BROOK,$69.15,$8022.94
9/19/2025,Imported Transaction,American Express PROFILEPHOTO APP,$6.99,$8029.93
9/20/2025,Imported Transaction,American Express SPARK DUBLIN 2 CO,$79.92,$8109.85
9/22/2025,Imported Transaction,American Express P.SKOOL.COM/RWZZH,$30.00,$8139.85
9/23/2025,Imported Transaction,American Express ANTHROPIC,$5.48,$8145.33
9/23/2025,Imported Transaction,American Express BITWARDEN,$76.65,$8221.98
9/25/2025,Imported Transaction,American Express ROCKPILESOLUTIONS.COLOUISVILLE CO,$687.69,$8909.67
9/25/2025,Imported Transaction,American Express MOVAVI.COM,$16.37,$8926.04
9/25/2025,Imported Transaction,American Express 650 INDUSTRIES (EXPOPALO,$19.00,$8945.04
9/26/2025,Imported Transaction,American Express PROFILEPHOTO APP,$6.99,$8952.03
9/26/2025,Imported Transaction,American Express PADDLE.NET* TEXTXPANASTORIA,$10.41,$8962.44
9/26/2025,Imported Transaction,American Express THINKIFIC.COM VANCOUVER,$108.16,$9070.60
9/26/2025,Imported Transaction,American Express BITWARDEN,-$76.65,$8993.95
9/27/2025,Imported Transaction,American Express BLUEBEAM INC.,-$331.24,$8662.71
9/29/2025,Imported Transaction,American Express USCREEN.TV,$799.00,$9461.71
9/30/2025,Imported Transaction,American Express OPENROUTER INC,$52.75,$9514.46
9/30/2025,Imported Transaction,American Express ADOBE Adobe Systems,$16.41,$9530.87
10/1/2025,Imported Transaction,American Express GSUITE_AB-CICC@GOOGLE.COM,$137.97,$9668.84
10/1/2025,Imported Transaction,American Express DIGITALOCEAN.COM,$6.00,$9674.84
10/1/2025,Imported Transaction,American Express GSUITE_ABCIVCC@GOOGLE.COM,$52.73,$9727.57
10/1/2025,Imported Transaction,American Express MASVIO OTTAWA,$7.50,$9735.07
10/1/2025,Imported Transaction,American Express OUTLINE,$79.00,$9814.07
10/1/2025,Imported Transaction,American Express PDF.CO & ARTIFEX,$24.99,$9839.06
10/1/2025,Imported Transaction,American Express SQSP* DOMAIN#2035747NEW,$12.00,$9851.06
10/2/2025,Imported Transaction,American Express ADOBE PREMIERE PRO ASAN JOSE,$37.77,$9888.83
10/2/2025,Imported Transaction,American Express Dollar General,$10.38,$9899.21
10/2/2025,Imported Transaction,American Express OPENROUTER INC,$105.50,$10004.71
10/2/2025,Imported Transaction,American Express PXY PATRIOT SOFTWCANTON,$121.55,$10126.26
10/2/2025,Imported Transaction,American Express PY *ANYTIME STORAGE,$95.00,$10221.26
10/2/2025,Imported Transaction,American Express CLOUD 8T39BS CC GOOGLE.COM,$102.62,$10323.88
10/3/2025,Imported Transaction,American Express CDE LIGHTBAND,$81.00,$10404.88
10/3/2025,Imported Transaction,American Express PROFILEPHOTO APP,$6.99,$10411.87
10/3/2025,Imported Transaction,American Express CDE LIGHTBAND,$2.95,$10414.82
10/5/2025,Imported Transaction,American Express HETZNER ONLINE GMBH GUNZENHAUSEN DE,$273.52,$10688.34
10/5/2025,Imported Transaction,American Express FILLOUT.COM,$89.00,$10777.34
10/6/2025,Imported Transaction,American Express CLAUDE.AI SUBSCRIPTISAN FRANCISCO,$219.00,$10996.34
10/6/2025,Imported Transaction,American Express ZOOM.COM 888-799-966SAN JOSE,$55.81,$11052.15
10/7/2025,Imported Transaction,American Express LOOM SUBSCRIPTION,$90.00,$11142.15
10/8/2025,Imported Transaction,American Express 1PASSWORD TORONTO,$89.91,$11232.06
10/9/2025,Imported Transaction,American Express MICROSOFT MSBILL.INFO,$3.94,$11236.00
10/9/2025,Imported Transaction,American Express WWW.PERPLEXITY.AI,$21.90,$11257.90
10/10/2025,Imported Transaction,American Express AMAZON MARKETPLACE NAMZN.COM/BILL,$23.89,$11281.79
10/10/2025,Imported Transaction,American Express MICROSOFT MSBILL.INFO,$14.01,$11295.80
10/10/2025,Imported Transaction,American Express PROFILEPHOTO APP,$6.99,$11302.79
10/11/2025,Imported Transaction,American Express RINGCENTRAL INC,$182.06,$11484.85
10/11/2025,Imported Transaction,American Express VERCEL INC.,$40.04,$11524.89
10/11/2025,Imported Transaction,American Express SLACK T017V3KGB3Q,$258.20,$11783.09
10/11/2025,Imported Transaction,American Express VIMEO PRO,$328.50,$12111.59
10/12/2025,Imported Transaction,American Express HUGGINGFACE,$9.00,$12120.59
10/14/2025,Imported Transaction,American Express SKOOL.COM,$9.00,$12129.59
10/16/2025,Imported Transaction,American Express SUPABASE SINGAPORE SG,$28.89,$12158.48
10/16/2025,Imported Transaction,American Express WWW.MAKE.COM,$37.36,$12195.84
10/16/2025,Imported Transaction,American Express ICEDRIVE PRO SWANSEA GB,$4.99,$12200.83
10/16/2025,Imported Transaction,American Express STARLINK INTERNET STARLINK.COM,$120.00,$12320.83
10/17/2025,Imported Transaction,American Express LinkedIn,$76.64,$12397.47
10/17/2025,Imported Transaction,American Express PROFILEPHOTO APP,$6.99,$12404.46
10/17/2025,Imported Transaction,American Express MICROSOFT MSBILL.INFO,$36.79,$12441.25
10/18/2025,Imported Transaction,American Express PXY VYVE BROADBANRYE BROOK,$69.15,$12510.40
10/20/2025,Imported Transaction,American Express SPARK DUBLIN 2 CO,$79.92,$12590.32
10/20/2025,Imported Transaction,American Express ANTHROPIC,$5.56,$12595.88
10/20/2025,Imported Transaction,Legends Bank - Personal AMEX EPAYMENT ACH PMT,-$6174.85,$6421.03
10/20/2025,Journal Entry,Reversal of Duplicate Entry for AMEX Payment,$6174.85,$12595.88
10/20/2025,Void Imported Transaction,Legends Bank - Personal AMEX EPAYMENT ACH PMT,$6174.85,$18770.73
10/20/2025,Void Journal Entry,Reversal of Duplicate Entry for AMEX Payment,-$6174.85,$12595.88
10/20/2025,Journal Entry,AMEX Payment  Correction,-$6174.85,$6421.03
10/21/2025,Imported Transaction,American Express AplPay PARK HAPPY LLNASHVILLE,$12.57,$6433.60
10/21/2025,Imported Transaction,American Express FS *TECHSMITH,$15.18,$6448.78
10/21/2025,Imported Transaction,American Express Dollar General,$13.05,$6461.83
10/22/2025,Imported Transaction,American Express P.SKOOL.COM/RWZZH,$30.00,$6491.83
10/22/2025,Imported Transaction,American Express TST* NEIGHBORS - GULNASHVILLE,$40.82,$6532.65
10/22/2025,Journal Entry,Paddle.Net*Languatalk 515334,$19.90,$6552.55
10/23/2025,Imported Transaction,American Express Interest Charge on Promotional Balances,$48.42,$6600.97
10/24/2025,Imported Transaction,American Express BOWCOM DRAFTING DESICANTON,$47.50,$6648.47
10/24/2025,Imported Transaction,American Express BOWCOM DRAFTING DESICANTON,$80.00,$6728.47
10/24/2025,Imported Transaction,American Express PROFILEPHOTO APP,$6.99,$6735.46
10/25/2025,Imported Transaction,American Express MOVAVI.COM,$16.37,$6751.83
10/25/2025,Imported Transaction,American Express ROCKPILESOLUTIONS.COLOUISVILLE CO,$687.69,$7439.52
10/26/2025,Imported Transaction,American Express PADDLE.NET* TEXTXPANASTORIA,$10.41,$7449.93
10/26/2025,Imported Transaction,American Express 650 INDUSTRIES (EXPOPALO,$19.00,$7468.93
10/26/2025,Imported Transaction,American Express AMAZON MARKETPLACE NAMZN.COM/BILL,$55.75,$7524.68
10/27/2025,Imported Transaction,American Express BLUEBEAM INC.,$569.40,$8094.08
10/27/2025,Imported Transaction,American Express THINKIFIC.COM VANCOUVER,$108.16,$8202.24
10/28/2025,Imported Transaction,American Express Dollar General,$10.97,$8213.21
10/29/2025,Imported Transaction,American Express Dollar General,$10.97,$8224.18
10/29/2025,Imported Transaction,American Express Dollar General,$1.60,$8225.78
10/30/2025,Imported Transaction,American Express USCREEN.TV,$799.00,$9024.78
10/31/2025,Imported Transaction,American Express OUTLINE,$79.00,$9103.78
10/31/2025,Imported Transaction,American Express ADOBE Adobe Systems,$16.41,$9120.19
10/31/2025,Imported Transaction,American Express PROFILEPHOTO APP,$6.99,$9127.18
10/31/2025,Imported Transaction,American Express WIX.COM 1206493781,$380.19,$9507.37
11/1/2025,Imported Transaction,American Express PDF.CO & ARTIFEX,$24.99,$9532.36
11/1/2025,Imported Transaction,American Express PXY PATRIOT SOFTWCANTON,$121.55,$9653.91
11/1/2025,Imported Transaction,American Express DIGITALOCEAN.COM,$6.00,$9659.91
11/1/2025,Imported Transaction,American Express GSUITE_AB-CICC@GOOGLE.COM,$138.74,$9798.65
11/1/2025,Imported Transaction,American Express GSUITE_ABCIVCC@GOOGLE.COM,$55.19,$9853.84
11/1/2025,Imported Transaction,American Express MASVIO OTTAWA,$8.20,$9862.04
11/2/2025,Imported Transaction,American Express PY *ANYTIME STORAGE,$95.00,$9957.04
11/2/2025,Imported Transaction,American Express ADOBE PREMIERE PRO ASAN JOSE,$37.77,$9994.81
11/4/2025,Imported Transaction,American Express CDE LIGHTBAND,$81.00,$10075.81
11/4/2025,Imported Transaction,American Express CDE LIGHTBAND,$2.95,$10078.76
11/5/2025,Imported Transaction,American Express FILLOUT.COM,$89.00,$10167.76
11/5/2025,Imported Transaction,American Express AIRTABLE.COM/BILL,$19.84,$10187.60
11/5/2025,Imported Transaction,American Express HETZNER ONLINE GMBH GUNZENHAUSEN DE,$143.36,$10330.96
11/6/2025,Imported Transaction,American Express ZOOM.COM 888-799-966SAN JOSE,$55.81,$10386.77
11/6/2025,Imported Transaction,American Express CLAUDE.AI SUBSCRIPTISAN FRANCISCO,$219.00,$10605.77
11/7/2025,Imported Transaction,American Express LOOM SUBSCRIPTION,$90.00,$10695.77
11/7/2025,Imported Transaction,American Express Dollar General,$10.86,$10706.63
11/7/2025,Imported Transaction,American Express PROFILEPHOTO APP,$6.99,$10713.62
11/7/2025,Imported Transaction,American Express Amazon Prime,$196.01,$10909.63
11/8/2025,Imported Transaction,American Express 1PASSWORD TORONTO,$100.16,$11009.79
11/9/2025,Imported Transaction,American Express WWW.PERPLEXITY.AI,$21.90,$11031.69
11/9/2025,Imported Transaction,American Express MICROSOFT MSBILL.INFO,$4.07,$11035.76
11/10/2025,Imported Transaction,American Express MICROSOFT MSBILL.INFO,$14.01,$11049.77
11/11/2025,Imported Transaction,American Express RINGCENTRAL INC,$182.06,$11231.83
11/11/2025,Imported Transaction,American Express SLACK T017V3KGB3Q,$324.46,$11556.29
11/11/2025,Imported Transaction,American Express VERCEL INC.,$43.80,$11600.09
11/12/2025,Imported Transaction,American Express SUPABASE SINGAPORE SG,$3.55,$11603.64
11/13/2025,Imported Transaction,American Express HUGGINGFACE,$9.00,$11612.64
11/14/2025,Imported Transaction,American Express SKOOL.COM,$9.00,$11621.64
11/14/2025,Imported Transaction,American Express PROFILEPHOTO APP,$6.99,$11628.63
11/16/2025,Imported Transaction,American Express ICEDRIVE PRO SWANSEA GB,$4.99,$11633.62
11/16/2025,Imported Transaction,American Express STARLINK INTERNET STARLINK.COM,$120.00,$11753.62
11/16/2025,Imported Transaction,American Express SUPABASE SINGAPORE SG,$26.22,$11779.84
11/16/2025,Imported Transaction,American Express WWW.MAKE.COM,$37.36,$11817.20
11/17/2025,Imported Transaction,American Express MICROSOFT MSBILL.INFO,$36.79,$11853.99
11/17/2025,Journal Entry,American Express Linkedin,$76.64,$11930.63
11/18/2025,Imported Transaction,Legends Bank - Personal AMEX EPAYMENT ACH PMT,-$4605.74,$7324.89
11/18/2025,Imported Transaction,American Express PXY VYVE BROADBANRYE BROOK,$69.15,$7394.04
11/19/2025,Imported Transaction,American Express SPARK DUBLIN 2 CO,$79.92,$7473.96
11/21/2025,Imported Transaction,American Express PROFILEPHOTO APP,$6.99,$7480.95
11/21/2025,Imported Transaction,American Express AMAZON MARKETPLACE NAMZN.COM/BILL,$33.88,$7514.83
11/21/2025,Imported Transaction,American Express PXY NOTARYLIVENANUET,$25.00,$7539.83
11/21/2025,Imported Transaction,American Express Interest Charge on Promotional Balances,$46.89,$7586.72
11/22/2025,Imported Transaction,American Express P.SKOOL.COM/RWZZH,$30.00,$7616.72
11/22/2025,Imported Transaction,American Express PADDLE.NET* LANGUATAASTORIA,$19.90,$7636.62
11/25/2025,Imported Transaction,American Express 650 INDUSTRIES (EXPOPALO,$20.00,$7656.62
11/25/2025,Imported Transaction,American Express AMAZON MARKETPLACE NAMZN.COM/BILL,$10.79,$7667.41
11/25/2025,Imported Transaction,American Express MOVAVI.COM,$16.37,$7683.78
11/26/2025,Imported Transaction,American Express THINKIFIC.COM VANCOUVER,$108.16,$7791.94
11/26/2025,Imported Transaction,American Express DD *DOORDASH ELPANCHSAN FRANCISCO,$1.05,$7792.99
11/26/2025,Imported Transaction,American Express DD *DOORDASH ELPANCHSAN FRANCISCO,$54.44,$7847.43
11/26/2025,Imported Transaction,American Express PADDLE.NET* TEXTXPANASTORIA,$10.41,$7857.84
11/28/2025,Imported Transaction,American Express PROFILEPHOTO APP,$6.99,$7864.83
11/28/2025,Imported Transaction,American Express REV.COM,$14.99,$7879.82
11/30/2025,Imported Transaction,American Express ADOBE Adobe Systems,$16.41,$7896.23
12/1/2025,Imported Transaction,American Express MASVIO OTTAWA,$8.10,$7904.33
12/1/2025,Imported Transaction,American Express AMAZON MARKETPLACE NAMZN.COM/BILL,$18.55,$7922.88
12/1/2025,Imported Transaction,American Express CLOUDFLARE,$10.46,$7933.34
12/1/2025,Imported Transaction,American Express GSUITE_AB-CICC@GOOGLE.COM,$138.85,$8072.19
12/1/2025,Imported Transaction,American Express PXY PATRIOT SOFTWCANTON,$121.55,$8193.74
12/1/2025,Imported Transaction,American Express PDF.CO & ARTIFEX,$24.99,$8218.73
12/1/2025,Imported Transaction,American Express CLOUD KWV3DF G.CO/HELPPAY#,$0.06,$8218.79
12/1/2025,Imported Transaction,American Express WORKSPACE_ABCC@GOOGLE.COM,$55.19,$8273.98
12/1/2025,Imported Transaction,American Express DIGITALOCEAN.COM,$6.00,$8279.98
12/1/2025,Imported Transaction,American Express PADDLE.NET* SERPER,$54.75,$8334.73
12/2/2025,Imported Transaction,American Express PY *ANYTIME STORAGE,$95.00,$8429.73
12/2/2025,Imported Transaction,American Express ADOBE PREMIERE PRO ASAN JOSE,$37.77,$8467.50
12/3/2025,Imported Transaction,American Express FS *TECHSMITH,$15.18,$8482.68
12/3/2025,Imported Transaction,American Express Dollar General,$12.00,$8494.68
12/3/2025,Imported Transaction,American Express CASH APP*SETH BACKLIOakland,$123.60,$8618.28
12/4/2025,Imported Transaction,American Express Dollar General,$15.87,$8634.15
12/4/2025,Imported Transaction,American Express CDE LIGHTBAND,$2.95,$8637.10
12/4/2025,Imported Transaction,American Express CDE LIGHTBAND,$81.00,$8718.10
12/5/2025,Imported Transaction,American Express AIRTABLE.COM/BILL,$52.56,$8770.66
12/5/2025,Imported Transaction,American Express FILLOUT.COM,$89.00,$8859.66
12/5/2025,Imported Transaction,American Express HETZNER ONLINE GMBH GUNZENHAUSEN DE,$143.36,$9003.02
12/5/2025,Imported Transaction,American Express PROFILEPHOTO APP,$6.99,$9010.01
12/5/2025,Imported Transaction,American Express WEBSHARE* PROXY PLN,$15.49,$9025.50
12/5/2025,Journal Entry,American Express Dollar General,$15.87,$9041.37
12/6/2025,Imported Transaction,American Express OPENROUTER INC,$57.76,$9099.13
12/6/2025,Imported Transaction,American Express ZOOM.COM 888-799-966SAN JOSE,$55.81,$9154.94
12/6/2025,Imported Transaction,American Express DD *DOORDASH OCHARLESAN FRANCISCO,$52.81,$9207.75
12/6/2025,Imported Transaction,American Express CLAUDE.AI SUBSCRIPTISAN FRANCISCO,$219.00,$9426.75
12/7/2025,Imported Transaction,American Express LOOM SUBSCRIPTION,$90.00,$9516.75
12/8/2025,Imported Transaction,American Express ANTHROPIC,$21.90,$9538.65
12/8/2025,Imported Transaction,American Express 1PASSWORD TORONTO,$109.39,$9648.04
12/9/2025,Imported Transaction,American Express WWW.PERPLEXITY.AI,$21.90,$9669.94
12/9/2025,Imported Transaction,American Express AMAZON MARKETPLACE NAMZN.COM/BILL,$9.84,$9679.78
12/9/2025,Imported Transaction,American Express AMAZON MARKETPLACE NAMZN.COM/BILL,$14.54,$9694.32
12/9/2025,Imported Transaction,American Express Dollar General,$11.61,$9705.93
12/9/2025,Imported Transaction,American Express FILLOUT.COM,-$89.00,$9616.93
12/9/2025,Imported Transaction,American Express MICROSOFT MSBILL.INFO,$3.94,$9620.87
12/9/2025,Imported Transaction,American Express PXY NOTARYLIVENANUET,$25.00,$9645.87
12/9/2025,Imported Transaction,American Express FLOWROUTE,$41.00,$9686.87
12/10/2025,Imported Transaction,American Express AMAZON MARKETPLACE NAMZN.COM/BILL,$10.94,$9697.81
12/10/2025,Imported Transaction,American Express MICROSOFT MSBILL.INFO,$14.01,$9711.82
12/10/2025,Imported Transaction,American Express RINGCENTRAL INC,$182.06,$9893.88
12/11/2025,Imported Transaction,American Express VERCEL INC.,$43.80,$9937.68
12/11/2025,Imported Transaction,American Express SLACK T017V3KGB3Q,$70.37,$10008.05
12/12/2025,Imported Transaction,American Express PROFILEPHOTO APP,$6.99,$10015.04
12/14/2025,Imported Transaction,American Express OPENROUTER INC,$57.76,$10072.80
12/14/2025,Imported Transaction,American Express SKOOL.COM,$9.00,$10081.80
12/15/2025,Imported Transaction,Legends Bank - Personal AMEX EPAYMENT ACH PMT,-$7497.72,$2584.08
12/16/2025,Imported Transaction,American Express STARLINK INTERNET STARLINK.COM,$120.00,$2704.08
12/16/2025,Imported Transaction,American Express SUPABASE SINGAPORE SG,$48.48,$2752.56
12/16/2025,Imported Transaction,American Express Dollar General,$14.00,$2766.56
12/16/2025,Imported Transaction,American Express ICEDRIVE PRO SWANSEA GB,$4.99,$2771.55
12/16/2025,Imported Transaction,American Express AMAZON MARKETPLACE PAMZN.COM/BILL,$82.91,$2854.46
12/17/2025,Imported Transaction,American Express LinkedIn,$76.64,$2931.10
12/17/2025,Imported Transaction,American Express MICROSOFT MSBILL.INFO,$36.79,$2967.89
12/17/2025,Imported Transaction,American Express AMAZON SHOP WITH POINTS CREDIT,-$82.91,$2884.98
12/18/2025,Imported Transaction,American Express CLOUDFLARE,$10.46,$2895.44
12/18/2025,Imported Transaction,American Express AMAZON MARKETPLACE NAMZN.COM/BILL,$91.94,$2987.38
12/18/2025,Imported Transaction,American Express PXY VYVE BROADBANRYE BROOK,$69.15,$3056.53
12/19/2025,Imported Transaction,American Express PROFILEPHOTO APP,$6.99,$3063.52
12/20/2025,Imported Transaction,American Express AMAZON MARKETPLACE NAMZN.COM/BILL,$24.08,$3087.60
12/20/2025,Imported Transaction,American Express SPARK DUBLIN 2 CO,$95.32,$3182.92
12/20/2025,Imported Transaction,American Express BACKBLAZE INC,$9.60,$3192.52
12/21/2025,Imported Transaction,American Express OPENAI,$16.46,$3208.98
12/21/2025,Imported Transaction,American Express AMAZON MARKETPLACE NAMZN.COM/BILL,$18.60,$3227.58
12/21/2025,Imported Transaction,American Express AMAZON.COM AMZN.COM/BILL,$20.48,$3248.06
12/22/2025,Imported Transaction,American Express P.SKOOL.COM/RWZZH,$30.00,$3278.06
12/22/2025,Imported Transaction,American Express PADDLE.NET* LANGUATAASTORIA,$19.90,$3297.96
12/23/2025,Imported Transaction,American Express Interest Charge on Promotional Balances,$34.89,$3332.85
12/25/2025,Imported Transaction,American Express MOVAVI.COM,$16.37,$3349.22
12/25/2025,Imported Transaction,American Express 650 INDUSTRIES (EXPOPALO,$31.00,$3380.22
12/26/2025,Imported Transaction,American Express PADDLE.NET* TEXTXPANASTORIA,$10.41,$3390.63
12/26/2025,Imported Transaction,American Express THINKIFIC.COM VANCOUVER,$108.16,$3498.79
12/26/2025,Imported Transaction,American Express PROFILEPHOTO APP,$6.99,$3505.78
12/28/2025,Imported Transaction,American Express REV.COM,$14.99,$3520.77
12/30/2025,Imported Transaction,American Express OPENAI,$18.70,$3539.47
12/30/2025,Imported Transaction,American Express SOCIALBU,$190.00,$3729.47
12/31/2025,Imported Transaction,American Express AMAZON MARKETPLACE NAMZN.COM/BILL,$61.56,$3791.03
12/31/2025,Imported Transaction,American Express ADOBE Adobe Systems,$16.41,$3807.44
1/1/2026,Imported Transaction,American Express CLOUD FWZZ2J G.CO/HELPPAY#,$7.17,$3814.61
1/1/2026,Imported Transaction,American Express WORKSPACE_ABCC@GOOGLE.COM,$137.97,$3952.58
1/1/2026,Imported Transaction,American Express WORKSPACE_ABCC@GOOGLE.COM,$2.66,$3955.24
1/1/2026,Imported Transaction,American Express WORKSPACE_ABCC@GOOGLE.COM,$55.19,$4010.43
1/1/2026,Imported Transaction,American Express DIGITALOCEAN.COM,$6.00,$4016.43
1/1/2026,Imported Transaction,American Express MASVIO OTTAWA,$8.00,$4024.43
1/1/2026,Imported Transaction,American Express PXY PATRIOT SOFTWCANTON,$121.55,$4145.98
1/1/2026,Imported Transaction,American Express PDF.CO & ARTIFEX,$24.99,$4170.97
1/2/2026,Imported Transaction,American Express PY *ANYTIME STORAGE,$95.00,$4265.97
1/2/2026,Imported Transaction,American Express ADOBE PREMIERE PRO ASAN JOSE,$37.77,$4303.74
1/2/2026,Imported Transaction,American Express CDE LIGHTBAND,$2.95,$4306.69
1/2/2026,Imported Transaction,American Express CDE LIGHTBAND,$81.00,$4387.69
1/2/2026,Imported Transaction,American Express HUGGINGFACE,$9.00,$4396.69
1/2/2026,Imported Transaction,American Express PROFILEPHOTO APP,$6.99,$4403.68
1/4/2026,Imported Transaction,American Express TODOIST,$460.74,$4864.42
1/5/2026,Imported Transaction,American Express HETZNER ONLINE GMBH GUNZENHAUSEN DE,$166.94,$5031.36
1/6/2026,Imported Transaction,American Express AMAZON MARKETPLACE NAMZN.COM/BILL,$198.73,$5230.09
1/6/2026,Imported Transaction,American Express CLAUDE.AI SUBSCRIPTISAN FRANCISCO,$219.00,$5449.09
1/6/2026,Imported Transaction,American Express ZOOM.COM 888-799-966SAN JOSE,$55.81,$5504.90
1/7/2026,Imported Transaction,American Express LOOM SUBSCRIPTION,$90.00,$5594.90
1/7/2026,Imported Transaction,American Express AMAZON MARKETPLACE NAMZN.COM/BILL,$41.60,$5636.50
1/8/2026,Imported Transaction,American Express AMAZON MARKETPLACE NAMZN.COM/BILL,$88.68,$5725.18
1/8/2026,Imported Transaction,American Express AMAZON MARKETPLACE NAMZN.COM/BILL,$22.00,$5747.18
1/8/2026,Imported Transaction,American Express 1PASSWORD TORONTO,$109.39,$5856.57
1/8/2026,Imported Transaction,American Express OPENROUTER INC,$57.76,$5914.33
1/8/2026,Imported Transaction,American Express AMAZON.COM AMZN.COM/BILL,$328.49,$6242.82
1/8/2026,Imported Transaction,American Express AMAZON MARKETPLACE NAMZN.COM/BILL,$33.99,$6276.81
1/8/2026,Imported Transaction,American Express AMAZON MARKETPLACE NAMZN.COM/BILL,$22.86,$6299.67
1/9/2026,Imported Transaction,American Express AMAZON MARKETPLACE NAMZN.COM/BILL,$49.62,$6349.29
1/9/2026,Imported Transaction,American Express MICROSOFT MSBILL.INFO,$4.07,$6353.36
1/9/2026,Imported Transaction,American Express PROFILEPHOTO APP,$6.99,$6360.35
1/9/2026,Imported Transaction,American Express WWW.PERPLEXITY.AI,$21.90,$6382.25
1/10/2026,Imported Transaction,American Express MICROSOFT MSBILL.INFO,$14.01,$6396.26
1/10/2026,Imported Transaction,American Express RINGCENTRAL INC,$181.86,$6578.12
1/11/2026,Imported Transaction,American Express SLACK T017V3KGB3Q,$159.18,$6737.30
1/11/2026,Imported Transaction,American Express VERCEL INC.,$43.80,$6781.10
1/12/2026,Imported Transaction,American Express CLOUDFLARE,$10.46,$6791.56
1/12/2026,Imported Transaction,American Express CLOUDFLARE,$10.46,$6802.02
1/13/2026,Imported Transaction,American Express GITHUB INC.,$21.47,$6823.49
,,TOTAL ACTIVITY,-$1775.98,
12/31/2024,,PREVIOUS BALANCE,,$8599.47

Totals
Account,Amount
Asset Accounts
Legends Bank Checking 7131,-$18324.94
Legends Bank 7073,-$498.54
Total Asset Accounts,-$18823.48
Liability Accounts
Liability AMEX Business,-$1775.98
Total Liability Accounts,-$1775.98
